2408 3780
125 157 186 220 142
484 161 769 220 ΠΛΑΤΩΝΟΣ
1110 175 1127 225 λ

125 318 206 385 ἄντα
220 320 273 386 ἐπὶ
288 316 350 406 τὴν
366 327 429 386 τοῦ
446 317 628 404 ἀμείνονος.
659 319 751 386 ταῦτ’
770 319 917 400 άκοῦσας
938 329 1042 392 εἰπεῖν
1063 329 1127 410 ἔφη

115 417 210 496 Ἴσως
221 421 333 503 μέντοι
344 418 552 486 κινδυνεύσω
564 421 618 485 καὶ
628 416 691 501 έγά
706 417 767 504 οὐχ
778 417 821 499 ὡς
832 420 875 487 σῦ
887 425 1000 508 λέγεις,
1013 415 1039 488 ά
1050 423 1126 489 Σά·

123 542 256 602 κρατες,
277 514 359 585 ἄλλά
371 516 452 584 καθ’
460 513 608 601 Ὅμηρον
618 524 746 600 φαῦλος
758 513 785 584 ἄ
789 545 806 584 ν
819 521 871 586 ἐπὶ
883 529 993 605 σοφοῦ
1004 518 1126 605 άνῦρός

85 634 107 685 1)
124 617 209 682 ι’έναι
219 623 340 701 θοίνην
351 614 498 702 ἄκλητος.
521 609 576 700 ἄρ’
590 608 654 682 οῦν
664 615 756 701 ἄγων
765 621 806 701 με’
815 644 847 684 τι
857 616 1070 704 ἄπολογησει;
1085 615 1127 696 ῦς

123 711 186 798 ε’γά
198 714 259 799 μὲν
270 712 330 801 οῦχ
341 712 536 802 ὁμολογήσω
548 715 687 801 ἄκλητος
697 713 808 801 ἥκειν,
830 713 905 784 ἄλλ’
918 713 984 784 ὑπὸ
996 725 1059 782 σοῦ
1072 742 1127 783 κε-

124 815 293 898 κλημένος.
328 813 404 881 Σάν
414 839 449 880 τε
461 812 528 898 (λό’,
540 819 619 901 ἔφη,
632 816 795 900 ἐρχομένω
806 815 870 896 πρό
883 812 900 882 ὁ
912 823 974 882 τοῦ
984 822 1127 902 βουλευ-

125 911 490 999 σόμεθαότιέροῦμεν.
511 912 595 981 άλλόι
608 924 717 999 ίωμεν.
739 955 777 966 -
798 913 1024 982 Τοιαῦτ’ἄττα
1041 922 1128 998 σφοῖς

49 1042 52 1047 ·
126 1017 189 1095 ἔφη
213 1014 444 1096 διαλεχθέντας
466 1015 559 1080 ίέναι.
591 1010 653 1079 τόν
674 1003 737 1079 οῦν
746 1013 909 1098 Σωκράτη
931 1015 1039 1100 ἑαυτῷ
1059 1037 1130 1090 πως

127 1110 329 1193 προσέχοντα
346 1107 407 1176 τόν
421 1119 506 1177 νοῦν
519 1110 602 1179 κατὰ
614 1109 675 1196 την
686 1109 769 1179 ὁδόν
779 1112 984 1198 πορεύεσθαι
995 1109 1131 1178 ὑπολει-

127 1206 289 1291 πόμενον,
312 1210 367 1274 καὶ
387 1211 622 1295 περιμένοντος
639 1202 681 1277 οὗ
698 1211 846 1278 κελεύειν
863 1215 1013 1294 προϊέναι
1030 1217 1076 1288 είς
1092 1206 1128 1275 τό

128 1304 288 1389 πρόσθεν.
320 1303 431 1393 ἐπειδη
450 1307 486 1374 δέ
498 1311 656 1391 γενέσθαι
668 1311 721 1376 ἐπὶ
730 1316 769 1397 τῇ
783 1315 869 1397 οἰκίᾳ
880 1317 919 1397 τῇ
929 1309 1129 1395 Ἀγάθωνος,

92 1427 113 1476 Ε
130 1402 342 1492 ἀνεῳγμένην
355 1407 622 1495 καταλαμβάνειν
629 1404 689 1492 την
698 1408 822 1491 θύραν,
834 1415 891 1474 καί
897 1434 928 1473 τι
937 1413 1000 1493 ἔφη
1010 1404 1130 1472 αὐτόθι

127 1512 259 1590 γελοῖον
276 1515 408 1573 παθεῖν.
440 1504 473 1575 οἷ
488 1507 550 1593 μέν
565 1507 629 1594 γάρ
647 1503 752 1584 εὐθὺς
769 1507 870 1573 παῐῦά
892 1533 966 1574 τινα
990 1510 1130 1573 ἔνδοθεν

129 1599 364 1686 ἀπαντήσαντα
374 1602 469 1689 ἄγειν
480 1598 522 1673 οῦ
535 1613 720 1674 κατέκειντο
732 1610 766 1673 οί
776 1603 886 1690 ἄλλοι,
899 1608 954 1673 καὶ
964 1612 1127 1689 καταλαμ-

128 1701 245 1786 βάνειν
265 1701 328 1790 ἤδη
348 1708 526 1788 μέλλοντας
542 1710 702 1774 δειπνεῖν·
725 1702 832 1782 εὐθός
850 1703 881 1771 δ’
901 1697 964 1771 οῦν
986 1701 1029 1781 ὡς
1050 1708 1133 1770 ίῦείν

128 1800 189 1866 τὸν
196 1797 389 1886 Ἀγάθωνα,
403 1794 459 1884 Ὠ,
478 1801 598 1888 φάναι,
614 1801 907 1890 Ἀριστόδημε,·είς
917 1801 1021 1868 καλὸν
1031 1800 1131 1885 ἥκεις,

130 1897 220 1977 ὅπως
236 1900 495 1988 σννῦειπνήσης·
516 1907 546 1969 εί
560 1899 590 1969 θ’
612 1902 716 1969 ἄλλον
732 1900 822 1980 τινός
838 1901 934 1967 ἕνεκα
949 1893 1066 1984 ἦλθες,
1089 1905 1133 1975 είς

131 1993 232 2080 αὖθις
241 1999 422 2087 ἀναβαλοῦ,
435 2001 479 2082 άς
487 2005 541 2071 καὶ
552 2001 629 2087 χθὲς
641 2007 744 2086 ζητοῦν
755 2020 803 2082 σε,
813 2003 870 2065 ἴνα
880 2000 1060 2081 καλέσαιμι,
1073 1995 1133 2080 οὐχ

132 2095 201 2178 οἷός
219 2098 250 2165 τ’
269 2092 292 2185 ἦ
311 2105 403 2167 ἰδεῖν.
436 2098 520 2166 ἄλλά
531 2100 695 2183 Σωκράτη
707 2095 785 2182 ἡμῖν
796 2103 866 2174 πῦς
876 2093 939 2162 οῦκ
950 2094 1056 2180 ἄγειςς
1079 2099 1134 2162 καὶ

130 2199 212 2282 ἐγω’,
225 2201 305 2282 ἔφη,
322 2198 627 2284 μεταστρεφόμενος
638 2194 789 2281 οῦόαμοῦ
799 2191 867 2278 ὁρῶ
880 2194 1042 2280 Σωκράτη
1056 2195 1134 2261 ἑπό-

129 2321 246 2381 μενον
270 2295 364 2365 εἷπον
375 2288 454 2383 οὖν,
471 2295 522 2365 ὅτι
533 2301 588 2366 καὶ
599 2292 699 2375 αὐτὸς
709 2297 789 2381 μετά
799 2295 1002 2378 Σωκράτους
1011 2293 1133 2380 ἥκοιμι,

130 2395 266 2480 κληθεὶς
276 2391 335 2461 ὑπ’
350 2397 480 2464 ἐκείνου
491 2394 583 2478 δεῦρ’
597 2398 649 2465 ἐπὶ
660 2399 805 2479 δεῖπνον.
826 2402 962 2478 Καλῶς,
972 2399 1047 2480 ἔφη,
1060 2420 1135 2460 ποι-

64 2507 114 2563 175
132 2502 179 2560 ῶν
191 2495 250 2560 σῦ·
268 2491 352 2560 άλλόι
363 2503 430 2561 ποῦ
440 2499 530 2561 ἐστιν
540 2487 826 2573 οὖτοςςὌπισθεν
836 2497 918 2580 ἐμοῦ
931 2493 1005 2580 ἄρτι
1016 2493 1133 2579 εἰσῄει·

131 2589 214 2659 ἄλλά
225 2592 384 2677 θαυμάζω
393 2595 448 2661 καὶ
456 2590 567 2679 αὐτός,
577 2601 644 2659 ποῦ
652 2588 695 2659 ἄν
704 2604 762 2681 είη.
788 2592 840 2663 Οῦ
849 2597 971 2678 σκέψει,
982 2598 1056 2678 ἔφη,
1065 2606 1134 2674 παῖ,

132 2691 238 2776 φάναι
247 2688 507 2774 τόνἈγάθωνα,
528 2691 923 2777 καλείσάξειςΣωκράτη;
948 2688 990 2756 σῦ
1003 2687 1046 2772 δ’,
1067 2681 1133 2772 ἦθ’

132 2790 168 2869 ὅς
176 2842 186 2876 ,
195 2788 420 2874 Ἀριστόδημε,
433 2784 512 2874 παρ’
524 2787 735 2875 Ἐρυξίμαχον
744 2796 951 2856 κατακλίνοι).

216 2895 265 2956 ΙΙΙ.
308 2889 375 2955 Καὶ
392 2888 485 2973 ἓμὲν
502 2891 565 2972 ἐφη
582 2885 747 2967 ἀπονίζειν
757 2885 817 2954 τόν
826 2892 944 2970 παῑόα,
967 2888 1022 2951 ἵνα
1033 2909 1134 2949 κατα-

131 2993 253 3059 κέοιτο·
276 2985 381 3055 ἄλλον
393 2990 432 3054 δέ
438 3012 512 3053 τινα
523 2994 592 3053 τῶν
601 2988 730 3052 παίδων
741 2982 836 3070 ἥκειν
847 2981 1066 3068 ἀγγέλλοντα,
1084 2979 1135 3048 ὅτι

134 3089 315 3175 Σωκράτης
333 3078 432 3166 οὗτος
448 3083 664 3172 ἄναχωρήσας
680 3086 717 3151 έν
733 3089 778 3171 τῷ
795 3089 863 3149 τῶν
877 3081 1036 3167 γειτόνων
1051 3105 1137 3164 προ-

132 3189 231 3278 θόριγ
243 3190 359 3275 ἕστηκε
369 3189 423 3255 καί
434 3178 477 3254 οὗ
487 3191 671 3261 καλοῦντος
683 3179 745 3249 οῦκ
756 3183 864 3249 ἐθέλει
876 3180 1019 3248 εἰσιέναι.
1038 3177 1136 3246 ”Avo-

133 3289 200 3355 πόν
217 3285 263 3373 γ’,
285 3293 365 3374 ἔφη,
387 3288 504 3371 λέγεις·
529 3282 657 3351 οᾶκονν
673 3291 782 3360 καλεῖς
797 3276 902 3348 αὐτόν
918 3281 973 3347 καὶ
989 3276 1033 3365 μὴ
1047 3276 1136 3363 άφη-

90 3407 115 3454 ε
133 3408 217 3464 σειςς
240 3388 296 3454 καὶ
306 3382 416 3471 όςέφη
429 3390 532 3454 εἰπεῖν
542 3388 729 3470 Μηδαμῶς,
742 3379 815 3450 ἄλλ’
828 3383 900 3447 έῦτε
911 3375 1024 3446 αὐτόν.
1058 3383 1136 3453 ἔθος

42 3622 77 3715 ι,
