2408 3780
84 143 85 146 ¹
105 185 147 250 58
461 185 748 253 ΠΛΑΤΩΝΟΣ

57 367 60 370 “
181 351 292 414 mm.
309 333 385 427 Ἆρ’,
405 336 635 430 άΣάκρατες,
654 341 714 431 οὐχ
725 343 961 435 ὁρᾷςὴμοίντό
974 353 1116 433 πλῆθος,

108 446 159 514 ὅτι
171 449 240 513 νέοι
252 444 372 520 πάντες
383 445 499 527 ἐσμέν,
517 447 572 511 καὶ
583 439 625 510 οὐ
636 451 737 531 φοβεῖ
745 446 790 533 μή
802 467 855 514 σοι
871 448 952 533 μετὰ
964 445 1118 533 Φιληβον

108 543 377 629 ξννεπνθάμεθα,
389 538 450 608 ἐάν
458 537 545 627 ἡμᾶς
554 547 723 630 λοισορῇςς
735 543 824 630 ὅμως
833 547 884 630 δέ,
897 546 1118 632 μανθάνομεν

107 642 172 730 γάρ
183 639 201 710 6
213 649 333 728 λέγεις,
346 649 379 708 εί
387 665 435 718 τις
446 639 567 725 τρόπος
578 646 646 708 ἔστι
657 645 711 710 καὶ
721 644 848 731 μηχανὴ
858 645 921 731 την
929 648 992 732 μὲν
1000 646 1117 712 τοιαύ-

107 771 169 830 την
185 739 332 828 ταραχὴν
349 736 429 826 ἡμῖν
446 744 507 820 ἔξω
517 747 580 807 τοῦ
590 739 693 826 λόγου
705 738 851 827 εὐμενῶς
863 769 932 823 πως
943 741 1115 828 ἀπελθεῖν,

70 862 90 911 Β
108 841 190 911 ὁάόν
201 847 238 911 δε
246 869 320 911 τινα
330 846 454 909 καλλίω
464 865 585 926 ταυτης
595 838 690 906 έπι
657 866 717 909 τον
726 841 828 926 λογον
839 839 1010 926 ἀνευρεῖν,
1028 840 1073 909 σν
1082 866 1118 909 τε

105 947 287 1059 προθυμοῦ
302 949 400 1008 τοῦτο
418 939 473 1005 καὶ
490 935 582 1023 ἡμεῖς
585 940 940 1061 συνακολουθήσομεν
953 965 969 1007 ε
971 939 1117 1018 ίςθννα-

105 1065 177 1126 μιν
196 1036 312 1124 οὐγὰρ
325 1034 463 1122 σμικρὸς
473 1032 490 1102 ὁ
502 1033 619 1119 παράν
630 1038 757 1131 λόγος,
758 1066 783 1106 ω
772 1030 981 1124 Σώκρατες.

188 1142 264 1205 Σίὶ.
299 1133 352 1204 Οά
363 1132 427 1220 γάρ
439 1127 518 1219 οὖν,
537 1160 562 1201 ω
551 1127 753 1223 παῖδες,’
725 1163 770 1216 ως
787 1159 890 1225 φησιν
906 1137 992 1225 ὑμᾶς
1009 1158 1116 1222 προσ-

105 1235 277 1320 αγορεύων
295 1240 455 1321 Φίληβος.
482 1232 523 1301 οὐ
542 1261 609 1320 μην
630 1239 698 1302 ἔστι
716 1244 862 1304 καλλίων
882 1234 960 1316 ὁδὸς
976 1233 1095 1305 οὐδ’”
1072 1264 1116 1306 αν

105 1339 251 1420 γένοιτο,
270 1360 310 1420 ης
320 1334 412 1420 έγω
413 1333 650 1420 ραστηςμένεί
648 1361 684 1420 με
695 1332 762 1419 αεί,
784 1336 941 1416 πολλάκις
953 1339 992 1406 δέ
999 1363 1040 1424 με
1051 1335 1114 1426 ηδη

106 1437 320 1518 διαφυγοῦσα
332 1437 455 1520 ἔρημον
466 1434 521 1500 καὶ
532 1431 661 1517 ἀπορον
672 1436 878 1519 κατέστησεν.

188 1538 292 1599 Hm.
323 1537 380 1610 Τίς
394 1527 496 1617 αὕτης
513 1537 663 1617 λεγέσθω
674 1532 789 1617 μόνον.

70 1647 90 1700 0
189 1637 264 1699 ΣΩ.
288 1627 352 1697 Ἢν
363 1633 509 1716 δηλῶσαι
519 1633 580 1715 μὲν
591 1627 632 1697 οὐ
643 1630 734 1697 πάνυ
743 1630 904 1717 χαλεπόν,
923 1633 1115 1717 χρῆσθαιδὲ

107 1727 333 1815 παγχάλεπον·
357 1729 465 1795 πάντα
485 1726 549 1812 γάρ
569 1726 633 1795 ὅσα
652 1731 767 1814 τέχνης
786 1728 925 1813 ἐχόμενα
945 1727 1115 1818 ἀνευρέθη

104 1826 253 1907 πώποτε,
272 1823 327 1892 θιά
340 1825 462 1911 ταύτης
476 1824 606 1910 φανερά
617 1829 749 1911 γέγονε·
769 1825 884 1894 σκόπει
896 1827 932 1895 66
943 1823 988 1912 ἢν
998 1830 1092 1915 λέγω.

190 1929 293 1991 Ilm.
328 1926 413 2008 Λέγε
430 1921 544 2008 μόνον.

187 2027 262 2090 Σίὶ.
293 2028 388 2090 Θεῶν
404 2020 466 2106 μὲν
483 2025 530 2098 είς
545 2016 748 2106 ἀνθρώπους
766 2021 871 2108 δόσις,
894 2021 939 2100 ἀς
954 2049 994 2108 γε
1011 2051 1112 2093 κατα-

104 2124 257 2205 φαίνεται
265 2122 347 2205 έμοί,
358 2118 509 2186 ποθὲνέιι
517 2125 610 2184 θεων
619 2121 737 2203 έρρίφη
746 2118 800 2184 διά
809 2125 1114 2206 τιυοςΠρομηθέως

103 2215 173 2303 ἀμα
190 2219 367 2306 φανοτάτφ
385 2219 451 2283 τινί
466 2222 551 2300 πυρί
555 2241 563 2256 ·
581 2219 636 2282 καί
647 2219 681 2283 οί
688 2216 751 2301 μέν
760 2224 909 2304 παλαιοί,
927 2224 1112 2303 κρείττονες

103 2314 200 2404 ἡμῶν
211 2317 266 2384 καὶ
276 2319 438 2401 ἐγγυτέρω
449 2321 543 2382 θεοῖν
554 2315 876 2401 οίιιοῦντες,ταάτην
885 2314 1000 2403 φήμην
1009 2322 1112 2405 παρέ-

104 2420 226 2502 δοσαν,
245 2410 289 2494 ἀς
300 2416 332 2494 ἐξ
344 2412 417 2493 ένὸς
427 2411 489 2500 μὲν
499 2414 554 2480 καὶ
565 2414 601 2478 ἐκ
612 2418 745 2479 πολλῶν
757 2410 866 2480 ὅντων
876 2422 945 2481 τῶν
956 2412 1006 2484 ἀεὶ
1016 2425 1107 2502 λεγοι

104 2515 218 2598 μένων
235 2511 335 2597 εἶναι,
357 2515 457 2593 πέρας
470 2513 506 2577 δὲ
522 2513 577 2578 καὶ
589 2506 743 2593 ἀπειρίαν
759 2510 795 2577 έν
813 2507 926 2590 αὑτοῖς
938 2512 1111 2599 ξάμφυτον

103 2610 263 2696 ἑχόντων.
287 2615 357 2677 δεῖν
374 2600 437 2676 οάν
453 2605 539 2695 ἡμᾶς
553 2608 683 2676 τούτων
700 2604 788 2674 οὕτω
801 2612 1110 2697 διακεκοσμημένων

7 2774 16 2789 ,.
64 2729 87 2783 Ι)
105 2707 156 2776 ἀεὶ
175 2714 255 2795 μίαν
274 2708 367 2776 ἰδέαν
387 2708 463 2794 περὶ
484 2703 608 2785 παντὸς
627 2705 781 2774 ἑκάστοτε
800 2712 966 2793 θεμένους
988 2713 1110 2794 ζητεῖν·

103 2802 257 2893 εὑρήσειν
267 2803 332 2890 γάρ
344 2807 503 2873 ἐνοῦσαν·
522 2803 583 2873 έάν
594 2798 658 2874 οὖν
669 2804 923 2894 μεταλάβωμεν,
941 2806 1021 2892 μετά
1034 2813 1113 2892 μίαν

104 2904 183 2989 δύο,
203 2913 237 2972 εί
249 2927 318 2981 πως
334 2907 412 2984 είσί,
433 2916 586 2986 σκοπεῖν,
605 2909 636 2972 εί
651 2905 687 2972 δὲ
699 2905 761 2990 μή,
781 2901 902 2988 τρεῐςῆ
919 2929 993 2970 τινα
1009 2902 1112 2971 ἀλλον

104 3000 268 3088 ἀριθμόν,
291 3002 346 3068 καὶ
362 3007 430 3068 τῶν
450 3003 487 3067 ἓν
508 3002 645 3069 ἐκείνων
662 3004 803 3070 ἕκαστον
823 3001 925 3069 πάλιν
945 2997 1112 3081 ὡσαύτως,

103 3101 260 3186 μέχριπερ
281 3093 323 3166 ἀν
344 3094 382 3166 τὸ
405 3094 477 3166 κατ’
498 3095 600 3186 ἀρχάς
622 3101 658 3167 ἓν
676 3099 720 3186 μὴ
737 3098 788 3166 ὅτι
805 3101 843 3165 ἓν
860 3097 1039 3167 καὶπολλὰ
1057 3101 1112 3167 καὶ

104 3194 224 3279 ἀπειρά
243 3199 310 3264 ἐστι
327 3195 435 3283 μόνον
453 3200 507 3285 ἴδη
521 3223 587 3282 τις,
611 3194 694 3264 ἀλλά
713 3198 768 3264 καὶ
783 3193 909 3263 ὁπόσα·
930 3195 993 3282 τὴν
1004 3196 1040 3265 66
1051 3204 1110 3265 τοο

105 3291 244 3377 ἀπείρου
254 3297 346 3363 ἰθέαν
353 3294 440 3379 πρὸς
448 3292 485 3363 τὸ
497 3303 628 3382 πλῆθος
639 3293 683 3382 μὴ
695 3296 909 3381 προσφέρειν,
921 3297 1000 3381 πρὶν
1010 3293 1054 3363 ἀυ
1064 3318 1110 3375 τις

104 3389 165 3458 τὸν
175 3387 321 3476 ἀριθμὸν
332 3391 437 3459 αὐτοῦ
448 3394 556 3460 πάντα
568 3397 684 3478 κατίθη
696 3391 755 3460 τὸν
767 3393 889 3480 μεταξὺ
899 3401 959 3461 τοῦ
972 3390 1109 3473 ἀπείρου
