2408 3780
148 177 211 243 304
509 183 794 243 ΠΛΑΤΩΝΟΣ
1122 192 1154 246 θλ
1196 192 1198 205 “

151 353 233 410 σθαι
244 341 332 410 οὕτω
343 350 453 422 κακῶς
463 341 615 428 ἠγμένος.
646 349 752 410 καίτοι
769 339 832 410 οὐκ
849 343 986 429 αἰσχρὸν
1003 342 1154 412 δοκεῖεῖ-

151 468 221 526 ναι,
240 449 270 511 εἰ
285 449 353 510 τῶν
370 449 536 527 πολεμίων
554 453 710 525 γυναῖκες
726 442 856 526 βέλτιον
873 444 947 526 περὶ
965 439 1061 528 ἡμῶν
1081 447 1154 510 θια-

153 548 317 623 νοοῦνται,
330 544 421 618 οἵους
432 537 493 625 χρῆ
507 538 604 618 ὄντας
615 545 731 625 σφίσιν
741 543 930 625 ἐπιχειρεῖν,
943 535 966 626 ῆ
976 537 1068 626 ἡμεῖς
1079 543 1153 626 περὶ

150 665 244 725 ημων
256 664 382 718 αντων
402 635 482 722 αλλ’,
497 664 522 704 ω
536 662 685 725 μακαριε,
698 638 897 724 πειθομενος
908 641 982 723 ἐμοί
993 640 1093 707 τεκαὶ
1107 646 1151 728 τῷ

114 753 134 804 Β
152 740 188 804 ἐν
197 745 343 822 Δελφοις
353 762 533 821 γραμματι,
544 744 654 821 γνῶθι
668 737 809 821 σαυτόν,
829 734 879 804 ὅτι
891 728 984 805 οὗτοι
996 737 1113 806 ελσὶν’
1093 766 1153 806 αν-

151 845 297 921 τίπαλοι,
317 832 386 903 ἀλλ’
400 832 460 921 οὐχ
478 832 537 912 οὓς
553 831 597 901 σύ
615 843 691 903 οἴει·
715 861 764 901 ων
780 833 870 924 ἄλλῳ
888 862 949 920 μεν
960 833 1069 902 ovd
1046 864 1090 904 αν
1105 839 1152 906 ενι

152 940 462 1031 περινενοίμεθα,ε
447 933 536 1020 ελμῆ
548 959 609 1018 περ
626 936 791 1022 ἐπιμελεία
801 959 837 1001 τε
848 961 891 1001 αν
902 937 1073 1023 καὶτέχνη.
1105 963 1152 1004 ων

152 1035 195 1100 συ
213 1040 243 1101 εἰ
256 1024 512 1119 απολειφθῆσει,
535 1034 590 1100 καὶ
606 1039 670 1098 τοῦ
689 1028 871 1117 ὀνομαστὸς
888 1037 1045 1118 γενέσθαι
1068 1030 1152 1101 ἀπο-

152 1132 327 1218 λειφθῆσει
337 1131 392 1199 ἐν“
387 1138 513 1216 Ελλησί
520 1157 555 1197 τε
499 1134 621 1198 λιταὶ
631 1130 821 1217 βαρβάροις,
835 1122 878 1197 οὗ
888 1156 944 1216 μοι
955 1136 1062 1210 δοκεῖς
1072 1136 1152 1220 ἑρῆν

153 1225 546 1308 ὡςονθεὶςᾶλλοςιίλλου.

235 1334 314 1396 XIX.
360 1336 430 1394 AA.
467 1333 548 1395 Τίνα
556 1321 619 1396 οὖν
628 1327 689 1414 χρῆ
702 1324 763 1413 τῆν
774 1318 1152 1412 ἐπιμέλειαν,ὦΣιι’κρα-

151 1452 219 1513 τες,
242 1435 425 1510 ποιεῖσθαι,
447 1430 528 1511 ἔχεις
544 1426 779 1513 ἐξηγήσασθαι;
805 1424 928 1503 παντὸς
943 1423 1008 1511 γὰρ
1025 1433 1152 1511 μᾶλλον

152 1529 259 1602 ἔοικας
270 1523 381 1611 ιέληθῆ
392 1525 544 1609 εἰρηκότι.

235 1629 310 1691 Σλλ.
343 1629 425 1690 Ναί·
449 1620 530 1689 ἀλλὰ
550 1623 614 1709 γὰρ
629 1619 723 1707 κοινῆ
737 1622 859 1716 βονλῆ,
879 1612 970 1711 ᾧτινι
984 1622 1097 1712 τρόπῳ
1110 1619 1152 1689 ἂν

117 1743 135 1791 c
154 1720 216 1790 ὅτι
227 1724 390 1808 βέλτιστοι
406 1726 601 1805 γενοίμεθα·
632 1719 695 1805 ἐγώ
710 1720 773 1805 γάρ
790 1746 841 1788 τοι
857 1716 898 1787 οὐ
920 1721 995 1802 περὶ
1011 1721 1072 1806 μὲν
1090 1727 1151 1788 σοῦ

152 1823 236 1903 λέγω
249 1817 291 1896 ὡς
301 1818 361 1905 χρῆ
375 1823 615 1905 παιδευθῆναι,
632 1819 707 1902 περὶ
723 1819 806 1903 ἐμοῦ
823 1815 858 1884 δὲ
869 1816 925 1884 οὔ·
948 1814 990 1884 οὐ
1003 1815 1068 1904 νάρ
1082 1813 1144 1885 ἔσθ

153 1917 217 2005 ὅτῳ
231 1934 294 1981 σου
309 1916 454 2001 διαφέρω
465 1916 553 2002 πλῆν
563 1941 601 2001 γε
613 1917 671 1983 ἑνί.

236 2020 306 2081 ΑΛ.
344 2021 432 2094 Tim

236 2116 310 2177 ΣΩ.
340 2107 374 2178 ‘0
391 2113 565 2195 ἐπίτροπος
581 2107 598 2178 ὁ
617 2109 694 2196 ἐμὸς
704 2118 844 2198 βελτίων
854 2112 920 2178 ἐστὶ
936 2113 991 2179 καὶ
1004 2110 1151 2198 σοφώτε-

153 2233 211 2292 ρος
221 2201 243 2292 ῆ
253 2213 418 2292 Περικλῆς
429 2205 447 2274 ὁ
461 2207 527 2286 σός.

237 2312 308 2373 ΑΛ.
344 2311 400 2385 Τίς
411 2296 524 2391 οὗτος,
539 2297 771 2390 ιῖΣωιιρατεςς

237 2411 313 2472 ΣΩ.
350 2402 449 2490 Θεός,
469 2396 708 2490 ωἈλκιβιάᾶη,
721 2402 824 2489 ὅσπερ
835 2408 891 2471 σοί
898 2429 938 2490 με
949 2401 1010 2472 οὐκ
1021 2412 1072 2470 eta
1085 2400 1150 2485 πρὸ

153 2509 252 2588 τῆσδε
263 2511 319 2589 τῆς
329 2500 453 2590 ἡμέρας
464 2507 691 2589 διαλεχθῆναι·
704 2494 733 2593 ᾦ
747 2504 801 2571 καὶ
812 2503 977 2571 πιστεύων
988 2503 1088 2585 λέγω,
1100 2498 1151 2566 ὅτι

153 2597 174 2685 ἡ
185 2601 359 2685 ἐπιφάνεια
372 2598 411 2667 δι’
425 2597 564 2680 οὐδενὸς
576 2598 680 2669 ἄλλον
692 2620 744 2668 σοι
754 2596 877 2687 ἔσταιῆ
889 2597 927 2669 δι’
940 2604 1031 2687 ἐμοῦ.

23 2700 26 2707 '
116 2718 136 2768 D
238 2705 308 2763 AA.
342 2703 481 2781 Παίζεις,
496 2689 719 2782 ὦΣωιιρατες.

236 2798 311 2861 ΣΩ.
336 2794 445 2873 Ἴσως·
467 2798 552 2879 λέγω
562 2798 674 2880 μέντοι
687 2794 814 2884 ιἰληθῆ,
826 2794 877 2865 ὅτι
887 2798 1069 2882 ἐπιμελείας
1079 2793 1153 2863 δεό-

154 2902 256 2977 μεθα,
271 2899 399 2978 μᾶλλον
409 2893 470 2977 μὲν
480 2893 601 2971 πάντες
613 2891 806 2980 ἅνθρωποι,
821 2891 904 2978 ἀτὰρ
915 2893 964 2963 νω’
975 2894 1079 2976 γεκαὶ
1090 2887 1154 2977 μα-

154 3003 194 3058 λα
206 2991 345 3077 σφόδρα.

237 3096 307 3158 ΑΛ.
333 3086 404 3158 ’Ότι
414 3089 475 3173 μὲν
485 3086 550 3174 ἐγώ
557 3137 566 3171 ,
578 3085 619 3156 οὐ
631 3087 747 3169 ψεύδει

237 3193 312 3254 ΣΩ.
348 3181 698 3271 οὐδὲμῆνὸτιγ’ἑηιιι’.

214 3293 308 3353 τΑΛ.
347 3277 691 3370 Τιόὖνιῖνποιοῑμενς

239 3390 312 3451 ΣΩ.
350 3380 423 3451 Οὐκ
433 3381 638 3468 ἀποκνητέον
650 3378 728 3450 οὐδὲ
739 3382 973 3468 μαλακιστέον,
992 3372 1019 3448 εἷ
1037 3381 1151 3465 ἑταῖρε.

223 3696 232 3728 λ
