2408 3780
33 146 37 151 ’
148 181 211 245 230
378 266 381 273 ,
508 183 795 244 ιιΛΑΤααοΣ
1113 194 1149 249 ει

149 370 240 438 ψασα
256 361 301 435 εἰς
315 352 351 422 τό
365 351 405 423 όν
419 351 532 435 ὀντως.
561 353 613 423 διὸ
628 353 668 442 δή
684 360 820 434 δικαίως
839 353 923 443 μόνη
938 351 1149 444 πτερούταιή

149 462 209 528 τού
222 456 562 545 φιλοσόφουδιάνοια·
577 455 659 546 πρός
672 455 735 546 γάρ
750 460 888 537 ἐκείνοις
895 454 950 527 ἀεί
961 463 1029 528 ἐστι
1038 456 1149 546 μνήμη

150 569 233 630 κατα
247 559 402 650 δύναμιν,
417 557 499 646 πρός
507 554 623 649 οἷσπερ
631 558 711 640 θεὸς
718 556 767 628 ῶν
779 558 873 639 θεῖός
887 562 964 629 ἐστι.
979 576 1048 639 τοῖς
1063 561 1099 629 δὲ
1109 557 1150 648 δή

149 662 309 744 τοιούτοις
329 660 413 750 ἀνήρ
432 657 667 751 ὑπομνήμασιν
686 660 797 753 ὀρθῶς
815 660 999 752 χριόμενος,
1019 664 1151 742 τελέους

150 763 202 834 ἀεὶ
224 763 355 846 τελετὰς
376 763 589 855 τελούμενος,
617 769 725 846 τέλεος
744 761 848 845 όντως
866 765 966 852 μόνος
985 773 1150 852 γίγνεται·

114 875 135 925 Ι)
154 867 360 956 ἐξιστάμενος
369 868 405 937 δὲ
412 872 480 937 τῶν
486 864 713 958 ἀνθρωπίνων
725 867 990 958 σπουδασμάταυ
997 869 1054 937 καί
1069 864 1151 956 πρὸς

150 975 198 1060 τῷ
210 978 295 1060 θείῳ
309 969 722 1058 γιγνόμενοςνουθετείται
732 971 794 1059 μὲν
807 967 872 1040 ύπό
886 975 954 1040 τῶν
961 973 1094 1039 πολλῶν
1109 964 1152 1048 ῶς

151 1077 363 1158 παρακινεῖν,
379 1072 605 1155 ἐνθουσιάζωυ
620 1073 657 1142 δὲ
671 1076 792 1160 λέληθε
806 1071 883 1152 τούς
897 1071 1047 1150 πολλούς.

235 1185 319 1240 ΧΧΧ.
325 1171 418 1241 Ἔστι
434 1171 475 1262 δή
490 1165 552 1242 ούν
567 1179 667 1261 δεῦρο
680 1171 698 1244 ὁ
712 1179 776 1254 πῶς
790 1174 882 1264 ήκων
895 1174 992 1263 λόγος
1005 1177 1080 1262 περὶ
1095 1177 1151 1261 τῆς

151 1273 307 1361 τετάρτης
320 1282 457 1362 μανίας,
473 1272 515 1362 ἣν
529 1273 611 1344 όταν
624 1275 659 1345 τό
674 1280 757 1365 τῇδέ
770 1304 819 1357 τις
832 1273 920 1364 ὁρῶν
934 1277 1070 1362 κάλλος,
1091 1281 1151 1344 τού

151 1372 645 1466 ἀληθούςάυαμιμνησκόμενος,
657 1382 825 1468 πτερῶταί
831 1405 866 1447 τε
878 1378 936 1448 καί
945 1376 1150 1467 ἀναπτερού-

151 1506 249 1568 μενος
263 1478 540 1569 προθυμούμενος
553 1477 778 1568 ἀναπτέσθαι,
794 1477 971 1550 ἀδυνατῶν
985 1484 1024 1551 δέ
1031 1534 1039 1567 ,
1049 1531 1051 1537 -
1060 1478 1151 1567 ὀρνι-

151 1592 213 1662 θος
222 1588 319 1670 δίκην
325 1585 459 1670 βλέπων
473 1579 554 1669 ἀνω,
568 1587 637 1651 τῶν
649 1583 738 1652 κάτω
753 1584 790 1652 δὲ
804 1580 946 1672 ἀμελῶν,
961 1591 1071 1653 αἰτίαν
1086 1591 1152 1670 ἔχει

114 1706 135 1757 Ε
153 1680 196 1764 ῶς
209 1689 354 1775 μανικῶς
364 1690 585 1773 διακείμενος·
600 1680 716 1776 ῶςόόρα
730 1683 814 1774 αύτη
824 1692 941 1756 πασῶν
949 1690 1017 1757 τῶν
1031 1689 1152 1756 ἐνθου-

108 1840 111 1845 -
151 1785 294 1857 σιάσεων
308 1785 424 1877 ἀρίστη
438 1815 473 1855 τε
486 1790 542 1856 καὶ
551 1791 583 1872 ἐξ
590 1786 735 1878 ἀρίστων
749 1793 796 1881 τῶ
809 1817 844 1858 τε
851 1796 958 1877 ἔχοντι
966 1791 1152 1880 καὶτῶκοι-

152 1895 316 1960 νωνούυτι
330 1886 431 1978 αύτῆς
439 1898 599 1978 γίγνεται,
614 1891 728 1961 καὶότι
736 1890 856 1979 ταύτης
863 1894 1010 1979 μετέχων
1024 1896 1080 1977 τῆς
1089 1918 1148 1978 μα·

151 1990 343 2083 νίαςὸἐρῶν
356 1998 423 2061 τῶν
430 1992 847 2082 καλῶνίραστήςκαλεῐται.
871 1992 1025 2075 καθάπερ
1033 1990 1096 2076 γὰρ
1106 2003 1149 2060 εί

151 2123 259 2184 ρηται,
274 2101 364 2164 πᾶσα
370 2095 431 2183 μὲν
440 2092 624 2183 ἀνθρῶπου
638 2095 728 2181 ψυχή
735 2092 834 2179 φύσει
848 2095 1003 2160 τεθέαται
1011 2090 1051 2159 τὰ
1058 2089 1153 2176 όντα,

89 2215 141 2269 250
153 2194 173 2286 ή
186 2196 247 2268 οὐκ
260 2194 303 2267 ἀν
316 2189 422 2288 ἦλθεν
436 2203 482 2276 εἰς
496 2193 622 2267 τόδετὸ
636 2199 729 2282 ζῶον,
744 2191 1053 2283 ἀναμιμνήσκεσθαι
1068 2191 1100 2262 δ’
1117 2198 1155 2263 ἐκ

152 2303 259 2371 τῶνδε
269 2305 380 2370 ἐκεῖνα
394 2297 434 2368 ού
449 2302 568 2392 ῥᾴδιον
581 2296 703 2386 ἀπάση,
716 2293 794 2367 ούτε
808 2293 883 2366 ὅσαι
899 2299 1047 2385 βραχέως
1062 2297 1156 2365 εἶδον

152 2403 225 2474 τότε
239 2401 347 2490 τάκεῖ,
369 2400 446 2472 ούτε
460 2410 498 2472 αἲ
510 2407 611 2492 δεύρο
633 2405 795 2470 πεσούσαι
809 2399 1056 2488 ἐδυστύχησαν,
1072 2397 1156 2468 ὥστε

152 2503 217 2575 ύπό
231 2533 335 2574 τινων
348 2501 487 2593 ὁμιλιῶν
501 2507 556 2574 ἐπὶ
569 2502 605 2574 τό
621 2502 739 2574 ἀδίκου
756 2501 959 2593 τραπόμεναι
978 2501 1087 2589 λήθην
1107 2492 1156 2570 ῶν

153 2606 226 2675 τότε
240 2606 331 2676 εἰδου
346 2611 445 2694 ἰερῶν
463 2613 559 2694 ἔχειν.
591 2603 700 2692 ὀλίγαι
716 2611 757 2694 δη
771 2613 959 2691 λείπονται,
980 2600 1032 2683 αἷς
1046 2602 1082 2672 τὸ
1098 2609 1154 2691 τῆς

152 2707 282 2797 μνήμης
303 2711 424 2787 ἰκαυῶς
447 2709 624 2796 πάρεστιν·
651 2699 750 2777 αὗται
772 2710 826 2793 δέ,
847 2706 929 2777 ὅταν
950 2736 981 2775 τι
1001 2711 1069 2775 τῶν
1088 2709 1158 2776 ἐκεῖ

153 2807 302 2899 ὁμοίωμα
310 2816 439 2893 ἰδωσιν,
455 2811 690 2897 ἐκπλήττονται
702 2805 884 2879 καίούκέθ’
900 2806 1155 2896 αύτῶνγίγνον·

153 2941 224 2998 ται,
239 2909 259 2981 ὃ
273 2906 307 2980 δ’
322 2919 391 2981 ἔστι
404 2909 440 2978 τὸ
455 2909 563 2990 πάθος
577 2907 736 2998 ἀγνοοῦσι
751 2908 807 2979 διὰ
822 2909 859 2978 τὸ
873 2909 918 2998 μή
933 2915 1054 2991 ἰκανῶς
1069 2915 1156 2980 διαι-

115 3035 135 3086 Β
154 3015 351 3086 σθάνεσθαι.
386 3011 598 3101 δικαιοσύνης
612 3012 673 3100 μὲν
687 3002 750 3081 ούν
770 3014 826 3082 καί
844 3012 1080 3102 σωφροσύνης,
1101 3013 1158 3081 καὶ

153 3117 216 3190 ὅσα
230 3116 314 3188 ἀλλα
328 3123 418 3205 τίμια
431 3129 570 3203 ψυχαῖς,
589 3111 651 3184 ούκ
666 3120 773 3185 ἔνεστι
785 3117 909 3203 φέγγος
923 3113 1024 3186 οὐδὲν
1038 3120 1075 3185 ἐν
1088 3130 1158 3194 τοῖς

153 3228 234 3311 τῇδε
248 3216 468 3309 ὁμοιῶμασιν,
484 3215 567 3288 ἀλλὰ
583 3215 630 3288 δι’
645 3216 805 3307 ἀμυδρῶν
818 3214 973 3308 ὀργάνων
986 3216 1080 3308 μόγις
1094 3214 1155 3287 αύ-

17 3344 38 3411 ,,’.
154 3329 222 3392 τῶν
242 3325 297 3392 καὶ
318 3320 424 3411 ὀλίγοι
445 3324 500 3393 ἐπὶ
520 3319 577 3403 τάς
598 3320 729 3401 εἰκόνας
751 3320 859 3402 ἰόντες
878 3327 1026 3392 θεῶνται
1046 3318 1083 3390 τὸ
1098 3326 1158 3390 τού

137 3429 363 3507 είκασθεντος
371 3428 490 3514 γένος·
503 3424 625 3506 κάλλος
639 3421 751 3495 δὲτότ’
766 3416 810 3514 ήν
823 3430 911 3495 ἰδεῖν
925 3422 1087 3513 λαμπρόν,
1103 3420 1159 3492 ὅτε

18 3558 22 3563 -
117 3517 193 3585 σύν
202 3521 393 3616 εύδαήιιονι
399 3536 501 3627 χορῷ
512 3537 692 3626 μακαρίαν
700 3525 784 3617 ὄψιν
796 3524 1169 3610 τεκαλθὲαν,ἓπόρεοοε
