2408 3780
151 151 194 215 42
514 154 801 214 ΠΛΑΤΩΝΟΣ

154 318 190 381 ’ἐν
207 314 261 382 καί
272 306 383 382 τάλλα.
400 313 516 381 Πάντα
525 314 599 400 γάρ.
624 311 695 381 Οὐκ
707 311 772 399 ίίρα
784 310 832 380 ἔτ’
853 317 942 379 ἔστιν
956 308 1160 396 ἕτεροντοά-

153 438 236 498 των,
259 415 296 479 ἐν
314 403 340 499 ᾧ
354 413 391 480 τό
408 439 443 480 τε
455 416 491 479 ἓν
504 407 547 479 άν
559 420 608 499 είη
620 419 666 501 τῷ
678 408 784 500 αὐτῷ,
808 412 863 478 καὶ
874 404 985 481 τάλλα.
1021 409 1072 478 Οὐ
1083 410 1158 496 γάρ.

155 512 322 578 Οὐδέποτε
334 509 398 597 ἄρα
409 515 444 578 ἐν
454 508 563 598 ταύτῷ
576 513 643 578 ἐστὶ
652 506 690 578 τό
703 513 740 576 ἓν
750 510 804 577 καὶ
816 501 926 577 τᾶλλα.
957 507 1029 577 Οὐκ
1040 513 1158 576 ἔοικεν.

152 611 260 693 Χωρλς
277 609 358 695 ι’ίρα;
380 616 456 689 Ναί.
491 607 579 677 Οὐδὲ
595 608 662 694 μὴν
682 608 782 694 μόριά
793 634 830 692 χε
846 615 931 695 ἔχειν
942 608 1053 695 φαμὲν
1064 603 1102 675 τὸ
1116 606 1160 685 ως

153 705 288 794 άληθῶς
301 711 348 777 ἕν.
381 707 547 792 Πωςχάρ;
566 704 648 774 οίίτ’
660 708 725 793 ἄρα
736 707 817 775 ὅλον
829 717 877 794 είη
891 703 934 775 ι’ίν
944 705 981 775 τὸ
996 710 1032 775 ἓν
1043 709 1080 774 ἐν
1089 717 1160 783 τοῖς

152 807 262 886 ἄλλοις
279 806 356 875 οὔτε
372 807 472 894 μόρια
489 803 610 892 αὐτοῦ,
634 812 664 873 εί
671 811 769 891 χωρίς
780 807 817 872 τί
825 808 971 872 ἐστιτολν
982 802 1160 872 άλλωνκαλ

112 921 133 969 1)
153 905 251 990 μόρια
268 903 311 993 μὴ
331 912 404 992 ἔχει.
437 912 516 982 Πῶς
533 905 614 988 χάρ;
639 902 761 971 Οὐδενλ
778 900 843 990 άρα
854 903 967 990 τρόπςο
979 904 1105 987 μετέχοι
1115 899 1167 991 άν

154 994 256 1068 τάλλα
276 1011 337 1069 τοῦ
359 1003 449 1087 ἑνός,
472 1003 553 1088 μήτε
569 1001 651 1070 κατά
669 1002 788 1089 μόριόν
806 1029 837 1069 τι
856 998 960 1068 αὐτοῦ
977 1000 1058 1084 μήτε
1075 996 1158 1065 κατὰ

154 1099 234 1168 ὅλον
244 1103 428 1187 μετέχοντα.
451 1098 522 1168 Οὐκ
537 1106 651 1168 ἔοικεν.
673 1101 814 1221 Οὐδαμῇ
825 1098 889 1183 ἄρα
899 1090 1047 1165 ἓντάλλά
1058 1098 1157 1182 ἐστιν,

153 1197 229 1266 οὐδ
245 1205 310 1287 ἔχει
329 1202 399 1268 ἐν’
383 1213 510 1278 εαυτοῑς
482 1200 564 1266 ῑὲν
581 1196 690 1266 οὐδέν.
725 1196 775 1266 Οὐ
792 1197 856 1284 γὰρ
875 1191 947 1265 οὖν.
983 1192 1107 1263 οὐὃ”
1092 1195 1158 1280 άρα

153 1298 258 1365 πολλά
277 1301 345 1365 ἐστι
361 1291 472 1365 τᾶλλα.
506 1300 543 1364 ἓν
532 1295 623 1398 γάρ
639 1292 682 1364 άν
697 1291 741 1384 ἦν
758 1300 897 1365 ἕκαστον
916 1292 1027 1362 αὐτων
1038 1293 1158 1378 μόριον

150 1403 211 1463 τοῦ
228 1396 327 1480 ὅλον,
350 1422 378 1463 ει
373 1392 541 1463 ’πολλα
522 1420 586 1496 ην.
604 1394 806 1464 νῦνὸὲοῦθ’
821 1394 943 1463 ἓνοῦτε
955 1391 1061 1460 πολλά
1074 1388 1156 1458 οὔθ’

151 1491 231 1560 ὅλον
249 1493 326 1561 οὔτε
343 1492 444 1579 μόριά
460 1492 528 1559 ἐστι
544 1485 648 1561 τᾶλλα
663 1503 725 1563 τοῦ
742 1495 832 1579 ἑνός,
855 1493 964 1579 ἐπειδη
979 1490 1084 1559 αὐτοῦ
1096 1488 1157 1559 οὐ·

150 1596 238 1680 δαμῇ
249 1596 381 1678 μετέχει.
403 1589 536 1675 Ὀρθῶς.
560 1590 645 1660 Οὐδ’
658 1592 723 1678 ἄρα
736 1596 797 1663 δύο
809 1593 886 1663 οὐδὲ
898 1599 972 1680 τρία
984 1589 1060 1658 οὔτε
1071 1587 1157 1656 αὐτά

116 1711 136 1761 Ε
153 1694 221 1760 ἐστι
236 1689 276 1758 τά
291 1689 374 1759 άλλα
387 1689 462 1758 οὔτε
475 1697 603 1758 ἔνεστιν
615 1695 651 1758 ἐν
661 1692 788 1780 αὐτοῖς,
811 1703 902 1777 είπερ
914 1699 975 1759 τοῦ
984 1686 1058 1768 ἑνὸς
1070 1714 1155 1755 παν-

151 1797 231 1876 ταχῇ
243 1793 399 1872 στέρεται.
422 1786 547 1867 Οὕτως.
572 1788 660 1859 Οὐδὲ
671 1791 768 1878 ὅμοια
780 1791 845 1876 άρα
856 1793 911 1858 καλ
923 1788 1065 1874 ἀνόμοια
1077 1786 1155 1855 οὔτε

151 1884 235 1952 αὐτά
253 1888 321 1952 ἐστι
338 1893 383 1974 τῷ
400 1886 449 1952 ἑνί
466 1879 584 1970 τᾶλλα,
608 1886 684 1955 οὕτε
697 1895 825 1956 ἔνεστιν
837 1893 873 1955 ἐν
882 1886 993 1965 αὐτοῖς
1004 1884 1154 1972 ὁμοιότης

150 1983 205 2049 καὶ
217 1980 421 2068 ἀνομοιότης.
452 1988 482 2050 εί
489 1981 554 2068 γὰρ
566 1982 664 2068 ὅμοια
674 1989 729 2055 καὶ
740 1987 881 2073 ἀνόμοια
895 1983 978 2054 αὐτοὶ
991 1993 1040 2070 είη
1052 1979 1075 2070 ἢ
1087 1989 1156 2069 ἔχοι

151 2083 214 2149 ἐν
198 2097 324 2160 εαυτοῖς
335 2081 511 2202 ὁμοιότητα
523 2082 605 2151 καὶ
585 2087 815 2172 ανομοιότητα,
829 2087 890 2154 δύο
900 2111 966 2153 πον
975 2089 1046 2170 είδη
1056 2088 1155 2152 ἐναν-

148 2207 200 2246 τια
210 2177 465 2271 αλληλοιςεχοι
444 2208 486 2247 αν
497 2184 559 2249 ἐν
543 2198 714 2261 εαντοιςτα
702 2182 903 2251 αλλατον
887 2211 968 2262 ενος
987 2189 1148 2250 Φαίνεται

145 2269 204 2344 Ην
216 2282 253 2344 δέ
261 2303 299 2361 χε
309 2276 477 2345 άιλάνατον
489 2283 584 2346 δνοιν
591 2297 697 2349 τινοιν
710 2287 853 2369 μετέχειν
863 2309 882 2349 α
868 2277 1029 2367 ’μηδ”
976 2308 1051 2359 ενος
1060 2284 1153 2366 μετέ-

149 2405 209 2463 χοι.
237 2376 426 2447 Ἀδύνατον.
457 2377 567 2447 οὕτ”
553 2380 617 2464 άρα
629 2380 727 2468 ὅμοια
739 2379 812 2448 οὔτ’
823 2379 964 2466 ἀνόμοια
956 2378 1119 2447 Μ’ἐστιν
1078 2374 1153 2445 οντ’

85 2501 134 2556 ιω
150 2474 320 2563 ἀμφότερα
335 2470 447 2545 τᾶλλα.
481 2476 577 2563 ὅμοια
594 2481 656 2564 μὲν
672 2479 736 2566 γὰρ
749 2474 860 2565 ὅνταῆ
872 2472 1153 2565 άνόμοιαὲνόςάν

149 2584 211 2642 τοῦ
227 2578 341 2661 ἑτέρον
359 2581 467 2656 είδονς
483 2583 624 2662 μετέχοι,
648 2577 818 2662 α’μφότερα
836 2579 871 2644 δὲ
883 2577 963 2647 ὄντα
975 2583 1071 2645 δυοῖν
1082 2590 1153 2644 τοίν

150 2676 327 2740 ἐναντίοιν·
349 2681 453 2741 ταῦτα
465 2673 500 2742 δὲ
511 2671 660 2743 ἀθάνατα
672 2676 788 2761 ἐφάνη.
822 2674 954 2761 Ἀληθῆ.
991 2673 1075 2745 Οὐδ’
1088 2675 1152 2758 ἄρα

149 2769 189 2838 τά
204 2768 287 2837 αὐτοὶ
306 2768 380 2837 οὐδ’
400 2773 513 2857 ἕτερα,
536 2771 614 2841 οὐδὲ
630 2773 812 2858 κινούμενα
824 2771 902 2842 οὐδὲ
914 2775 1052 2857 ἑστῶτα,
1074 2771 1152 2840 οὐδὲ

149 2871 330 2958 γιγνόμενα
353 2867 430 2938 οὐδὲ
453 2868 683 2958 ἀπολλύμενα,
712 2869 791 2939 οὐδὲ
812 2878 909 2958 μείζω
931 2870 1008 2939 οὐδὲ
1029 2869 1151 2937 ἐλάττω

148 2965 227 3037 οὐδὲ
240 2977 312 3037 ίσα·
328 2964 407 3036 οὐδὲ
417 2967 498 3035 ἄλλο
510 2965 609 3037 οὐδὲν
620 2975 769 3040 πέπονθε
779 2980 846 3039 των
855 2971 1025 3038 τοιούτων.
1049 2975 1079 3036 εί
1087 2968 1151 3053 γάρ

147 3096 178 3135 τι
193 3073 347 3135 τοιοῦτον
363 3069 568 3134 πεπονθέναι
587 3065 745 3155 ὑπομένει
759 3071 799 3136 τοὶ
818 3068 901 3137 άλλα
909 3118 918 3152 ,
940 3071 995 3135 καὶ
1012 3064 1085 3144 ἕνός
1096 3070 1151 3134 καὶ

149 3171 245 3233 δνοῑν
255 3167 310 3233 καλ
321 3172 423 3249 τριῶν
437 3166 491 3234 καὶ
502 3174 657 3248 περιττοῦ
668 3170 723 3233 καί
734 3164 850 3252 άρτίον
860 3168 1006 3250 μεθέξει,
1030 3155 1078 3232 οἷν
1089 3163 1152 3231 αὐ-

108 3284 129 3335 Β
146 3277 214 3340 τοῖς
225 3261 394 3332 ἀδύνατον
404 3265 512 3351 ἐφάνη
524 3270 684 3351 μετέχειν,
695 3272 757 3330 τοῦ
768 3262 842 3341 ἑνός
852 3289 889 3348 με
901 3264 1008 3351 πάντη
1021 3265 1152 3345 πάντως
1182 3346 1186 3352 .

148 3365 363 3444 στερομένοις.
394 3361 623 3450 Ἀληθέστατα
649 3360 748 3430 Οὕτω
759 3357 801 3444 δὴ
813 3361 982 3447 ἓνείέστι,
996 3364 1104 3431 πάντα
1117 3371 1152 3432 τέ
1187 3360 1191 3367 ’
