2408 3780
123 143 183 209 118
489 147 775 207 ΠΛΑΤΩΝΟΣ

206 312 306 375 nm.
343 310 385 372 Τί
398 297 463 373 οὖν
479 303 540 373 οὐκ
558 301 656 384 αὐτὸς
673 302 840 390 ἀπεκρίνω
858 315 986 394 σαυτῷ,
1005 300 1032 374 ἀ
1049 308 1128 376 Σοί-

122 428 253 491 κρατες;

209 506 283 568 ΣΩ.
318 497 457 568 Οὐδὲνὸ
468 527 498 567 τι
510 497 565 568 οά·
579 498 621 568 σά
631 504 743 586 μέντοι
754 510 814 569 τοῦ
825 500 927 586 λόγου
938 506 1124 588 σνμμέτεχε.

204 605 306 667 nm.
338 598 436 666 Πάνυ
447 599 507 686 μὲν
520 591 591 666 οὖν.

206 703 280 764 ΣΩ.
315 698 403 782 Φημὶ
421 695 461 782 δὴ
479 700 637 782 γενέσεως
653 695 715 781 μὲν
732 698 828 765 ἕνεκα
846 695 1004 784 φάρμακά
1022 701 1128 765 τεκαὶ

86 812 105 863 c
122 794 230 862 πάντα
242 793 369 880 ὄργανα
380 795 434 862 καὶ
445 801 557 861 πᾶσαν
567 793 652 880 ὕλην
663 801 907 878 παρατίθεσθαι
920 803 1038 879 πᾶσιν,
1051 795 1129 862 ἑκά-

122 912 204 978 στην
222 891 256 959 ἀὲ
272 894 403 977 γένεσιν
419 890 524 977 ἀλλην
541 888 640 977 ἀλλης
658 889 772 971 οὐσίας
782 891 872 972 τινὸς
884 891 1020 978 ἑκάστης
1031 893 1128 959 ἕνεκα

121 995 312 1074 γίγνεσθαι,
331 988 505 1075 ξύμπασαν
522 988 558 1058 δὲ
576 993 707 1075 γένεσιν
718 987 832 1069 οὐσίας
843 991 940 1058 ἕνεκα
952 997 1127 1073 γίγνεσθαι

122 1086 302 1172 ξυμπάσης.

205 1190 306 1252 nm.
339 1175 692 1270 Σαφέσταταμὲνοῦν.

205 1289 280 1349 ΣΩ.
315 1280 454 1350 Οὐκοῦν
470 1279 575 1368 ἡδονή
586 1307 639 1366 γε,
665 1290 755 1364 ελπερ
767 1286 892 1366 γένεσίς
903 1288 1007 1370 ἐστιν,
1030 1284 1128 1352 ἕνεκά

121 1405 210 1458 τινος
221 1377 335 1458 οὐσίας
346 1382 379 1459 ἐξ
392 1377 538 1464 ἀνάγκης
548 1376 686 1463 γίγνοιτ’
698 1376 749 1445 ἀν.

204 1484 306 1546 ΠΡΩ.
340 1484 382 1545 Τί
390 1477 475 1564 μηνς

208 1583 282 1644 ΣΩ.
319 1575 366 1642 Τό
376 1601 414 1661 γε
431 1572 498 1661 μὴν
516 1565 560 1641 οὗ
574 1575 671 1642 ἕνεκα
688 1575 724 1641 τὸ
738 1574 835 1643 ἕνεκά
853 1602 913 1644 του
930 1576 1129 1663 γιγνόμενον

23 1694 27 1699 ’
122 1671 173 1742 ἀεὶ
191 1668 330 1760 γίγνοιτ’
344 1671 402 1755 ἀν,
425 1674 460 1739 ἐν
477 1680 518 1759 τῇ
535 1679 596 1739 τοῦ
613 1669 747 1757 ἀγαθοῦ
758 1680 856 1761 μοίρηι
868 1675 975 1742 ἐκεῖνό
987 1677 1069 1741 ἐστι·
1090 1674 1127 1742 τὸ

123 1775 158 1839 δὲ
169 1770 260 1849 τινὸς
277 1771 375 1837 ἕνεκα
393 1769 593 1854 γιγνόμενον
611 1776 656 1848 είς
672 1768 791 1856 ἀλλην,
815 1762 842 1838 ά
860 1769 987 1856 ἄριστε,
1009 1786 1129 1855 μοῖραν

121 1869 248 1938 θετέον.

84 1989 105 2040 1)
207 1973 309 2034 Hm.
340 1963 621 2051 Ἁναγκαιότατον.

206 2069 280 2131 ΣΩ.
310 2056 382 2143 'Ap'
401 2053 465 2129 οὖν
481 2058 586 2146 ἡδονή
597 2083 635 2144 γε
647 2063 738 2142 εἴπερ
749 2060 876 2143 γένεσίς
886 2061 992 2144 ἐστιν,
1011 2064 1057 2137 είς
1068 2059 1128 2127 ἀλ-

122 2156 218 2246 ληνῆ
234 2158 295 2246 τὴν
306 2165 368 2225 τοῦ
381 2156 515 2242 ἀγαθοῦ
530 2171 651 2242 μοῖραν
663 2153 770 2243 αὐτὴν
780 2159 927 2235 τιθέντες
939 2153 1052 2242 ὀρθῶς
1062 2159 1129 2244 θή-

121 2281 240 2345 σομεν;
935 2266 938 2273 ’

207 2360 309 2424 Hm.
340 2345 677 2439 Ὀρθόταταμὲνοῦν.

208 2461 284 2522 Σίλ.
315 2451 455 2521 Οὐκοῦν
465 2449 547 2538 ὅπερ
559 2448 741 2538 ἀρχόμενος
757 2446 851 2518 εἶπον
867 2449 990 2516 τούτου
1000 2456 1061 2516 τοῦ
1071 2450 1129 2517 λό-

124 2578 203 2637 γον,
226 2561 273 2642 τῷ
289 2552 475 2638 μηνύσαντι
492 2558 551 2635 τῆς
560 2547 682 2636 ἡδονῆς
693 2553 767 2634 πέρι
778 2546 814 2614 τὸ
826 2549 958 2633 γένεσιν
969 2546 1046 2630 μέν,
1069 2544 1130 2612 οὐ·

125 2655 201 2716 σίαν
213 2653 248 2718 δὲ
259 2648 337 2736 μηδ’
351 2646 509 2736 ἡντινοῦν
521 2644 621 2733 αὐτῆς
634 2645 732 2729 εἶναι,
753 2645 849 2730 χάριν
860 2649 944 2728 ἔχειν
962 2646 1046 2723 &scm
1071 2647 1129 2728 δη-

124 2755 184 2815 λον
200 2744 264 2833 γάρ
283 2745 333 2815 ὅτι
349 2738 448 2825 οὗτος
464 2753 533 2813 τείν
549 2744 748 2830 φασκόντων
764 2739 891 2830 ἡδονὴν
902 2738 1035 2825 ἀγαθὰν
1046 2741 1130 2809 εἶναι

124 2852 295 2932 καταγελᾷ.

208 2948 310 3010 ΠΡΩ.
345 2938 486 3026 Σφόδρα
498 2967 544 3025 γε.

89 3056 109 3106 Ε
210 3047 285 3110 ΣΩ.
322 3041 387 3107 Καὶ
403 3037 471 3126 μὴν
488 3036 588 3118 αὐτὸς
599 3029 696 3116 οὗτος
707 3037 860 3106 ἑκάστοτε
871 3033 925 3102 καὶ
935 3039 1004 3101 τῶν
1014 3036 1050 3100 ἐν
1061 3047 1130 3112 ταῖς

125 3144 295 3226 γενέσεσιν
306 3135 580 3223 ἀποτελουμένων
590 3133 853 3221 καταγελάσεται.

208 3243 310 3305 nm.
341 3243 420 3316 Πῶς
433 3232 472 3322 δὴ
485 3237 539 3304 καλ
550 3241 655 3304 ποίοιν
665 3237 784 3320 λέγειςς

210 3340 284 3401 ΣΩ.
321 3340 399 3401 Τοίν
414 3332 489 3402 ὅσοι
505 3333 672 3420 ἐξιάμενοι
688 3338 805 3411 πείνην
822 3327 843 3414 ἢ
862 3336 963 3412 δίψαν
979 3330 1001 3418 ἥ
1016 3356 1048 3398 ιι
1063 3335 1130 3397 τῶν
