2408 3780
153 159 216 224 τοι
499 128 802 220 mammos
1128 169 1164 227 τι

154 323 193 392 εά
210 315 437 408 φρονήσαντες
453 327 556 387 ταῦτα
575 326 684 398 καλῶς
705 322 790 404 ἐχειν
811 316 992 406 ἡγήσαιντο
1017 322 1093 405 περὶ
1115 314 1164 392 ῶν

154 419 243 488 οὕτω
265 423 464 503 διακείμενοι
486 417 684 503 βοάλονται;
704 419 758 484 καί
780 417 844 503 μὲν
860 417 902 504 δὴ
921 423 952 485 εί
965 417 1027 504 μὲν
1043 422 1080 488 ἐκ
1096 430 1165 491 τῶν

154 518 310 604 ἐρώντων
321 513 381 584 τὸν
391 519 562 602 βέλτιστον
573 518 698 599 αίρολο,
712 518 743 594 ἐξ
755 512 881 600 ὀλίγων
891 515 936 583 ἄν
947 534 1000 584 σοι
1011 514 1031 604 τ’]
1043 523 1164 600 ἔκλεξις

155 626 220 702 είη·
245 619 275 682 εί
295 611 325 680 δ’
350 615 386 679 ἐκ
407 620 477 680 τῶν
491 609 602 681 ἄλλων
618 610 678 680 τὸν
695 621 806 703 σαυτῷ
824 615 1104 702 ἐπιτηδειότατον,
1128 622 1163 686 ἐκ

117 733 137 782 Ε
155 719 305 782 πολλῶν·
328 708 412 778 ῶστε
430 709 517 778 πολὺ
535 716 658 779 πλείων
675 713 765 791 ἐλπὶς
781 715 819 779 ἐν
839 725 908 793 τοίς
928 722 1063 794 πολλοῖς
1083 713 1166 784 ὄντα

155 825 266 898 τυχεῖν
277 805 337 876 τὸν
350 806 443 888 άξιον
455 814 512 894 τῆς
523 815 583 894 σῆς
592 813 712 894 φιλίας.

239 915 306 978 VII.
339 912 384 975 Εί
391 904 575 975 τοίνυντὸν
584 906 690 992 νόμον
698 905 757 975 τόν
766 907 995 994 καθεστηκότα
1003 912 1164 996 δέδοικας,

156 1007 200 1095 μὴ
213 1010 417 1093 πυθομένων
428 1012 496 1073 τῶν
507 1002 702 1091 ἀνθρώπων
712 1004 841 1085 ὄνειδός
852 1027 905 1074 σοι
914 1010 1064 1094 γένηται,
1078 1008 1165 1086 είκός
1195 1037 1196 1040 ’

88 1125 139 1179 232
157 1110 225 1174 ἐστι
240 1104 319 1182 τούς
334 1103 395 1189 μὲν
411 1104 572 1188 ἐρῶντας,
595 1099 700 1182 οὕτως
710 1098 755 1170 άν
768 1108 941 1189 οίομένονς
951 1107 1005 1173 καὶ
1019 1101 1085 1173 ὑπὸ
1098 1112 1166 1174 τῶν

157 1203 268 1270 άλλων
285 1207 470 1287 ζηλοῦσθαι
488 1199 598 1284 ῶσπερ
617 1199 740 1280 αὐτούς
752 1198 814 1286 ὑφ’
827 1199 956 1286 αὐτῶν,
978 1206 1165 1289 ἐπαρθῆναι

156 1299 193 1369 τὸ
205 1302 313 1385 λέγειν
325 1302 380 1367 καί
393 1300 690 1385 φιλοτιμουμένους
700 1301 952 1367 ἐπιδείκνυσθαι
962 1299 1045 1383 πρὸς
1056 1298 1165 1367 ἅπαν-

157 1425 231 1484 τας,
249 1396 300 1466 ὅτι
318 1396 380 1467 οὐκ
397 1397 504 1476 άλλως
522 1395 635 1476 αὐτοῖς
651 1397 849 1484 πεπόνηται·
867 1395 993 1476 τούςδὲ
1004 1395 1049 1484 μὴ
1061 1401 1164 1485 ε’ρῶν-

156 1524 231 1581 τας,
252 1503 421 1584 κρείττους
438 1493 551 1564 αὐτῶν
567 1494 681 1581 ὄντας,
702 1493 739 1563 τὰ
756 1499 927 1583 βέλριστον
942 1493 1015 1564 άντὶ
1032 1501 1090 1581 της
1106 1498 1165 1563 δό-

157 1603 212 1681 ξης
228 1602 286 1682 τῆς
303 1592 392 1678 παρά
407 1603 477 1662 τῶν
491 1592 685 1680 άνθρῶπων
702 1597 877 1678 αίρείσθαι.
911 1597 958 1661 ἐτι
969 1593 1005 1662 δὲ
1015 1593 1094 1672 τούς
1104 1593 1165 1679 μὲν

157 1697 301 1777 ἐρῶντας
322 1689 467 1770 πολλοὺς
487 1691 617 1779 ἀνάγκη
634 1696 807 1761 πυθέσθαι
823 1694 879 1760 καί
900 1696 998 1776 ίδεῑν,
1021 1690 1166 1759 ἄκολον·

156 1797 305 1868 θοῦντας
328 1804 394 1867 τοῖς
416 1793 591 1876 ἐρωμένοις
611 1793 666 1857 καὶ
688 1795 788 1875 ἔργον
809 1799 908 1858 τοῦτο
934 1793 1164 1874 ποιουμένους,

121 1907 140 1956 Β
160 1886 244 1955 ῶστε
261 1884 342 1955 ὅταν
361 1883 497 1973 ὀφθῶσι
517 1888 746 1974 διαλεγόμενοι
760 1886 929 1975 ἀλληλοις,
951 1887 1027 1953 τότε
1044 1884 1167 1966 αὐτοὺς

159 1996 286 2054 οίονται
301 1980 324 2070 ἢ
340 1981 598 2071 γεγενημένηςῆ
615 1985 800 2070 μελλούσης
816 1991 953 2052 ἔσεσθαι
969 1990 1027 2068 τῆς
1045 1987 1168 2051 ἐπιθυ-

159 2088 234 2167 μίας
252 2096 420 2149 συνεῑναι·
442 2081 520 2161 τούς
536 2081 572 2150 δὲ
590 2080 634 2167 μη
657 2085 801 2166 ἐρῶντας
821 2077 897 2149 οὐδ’
919 2085 1089 2148 αίτιάσθαι
1112 2081 1168 2149 διὰ

49 2249 55 2257 ,
158 2178 220 2265 την
232 2185 416 2246 συνουσίαν
429 2183 667 2266 ἐπιχειροῦσιν,
685 2180 809 2259 είδότες
819 2178 870 2247 ὅτι
881 2177 1067 2267 ιἰναγκαῖόν
1078 2183 1168 2250 ἐστιν

158 2272 180 2362 ἦ
192 2274 246 2344 διά
258 2283 375 2363 φιλίαν
384 2303 430 2368 τφ
443 2281 654 2365 διαλέγεσθαι
664 2273 686 2366 ἢ
698 2272 741 2345 δι’
755 2276 859 2364 άλλην
870 2276 944 2347 τινὰ
955 2275 1091 2365 ἡδονήν.
1112 2281 1168 2347 καὶ

158 2377 219 2461 μὲν
237 2377 277 2462 δη
295 2385 328 2445 εί
341 2395 394 2445 σοι
412 2380 485 2456 δέος
502 2378 706 2464 παρέστηκεν
723 2374 899 2467 ἡγουμένῳ
917 2374 1062 2463 χαλεπὸν
1080 2374 1165 2444 είναι

158 2480 274 2560 φιλίαν
284 2477 480 2562 συμμένειν,
495 2477 549 2542 καί
559 2474 648 2563 άλλφ
658 2477 721 2561 μὲν
730 2475 843 2562 τρόπω
856 2478 1019 2560 διαφορᾶς
1029 2475 1167 2559 γευομέ-

14 2658 17 2663 ¹
157 2598 217 2657 νης
228 2569 346 2659 κοινὴν
356 2571 554 2660 ἀμφοτέροις
563 2578 763 2659 καταστῆναι
772 2571 835 2660 τὴν
846 2571 1042 2660 συμφοράν,
1066 2595 1167 2654 προε-

122 2680 141 2731 c
159 2671 264 2754 μένου
282 2671 321 2735 δέ
337 2689 400 2738 σου
417 2667 439 2737 δι’
457 2671 532 2756 περὶ
547 2675 703 2737 πλείστου
713 2683 802 2737 ποιεῖ
811 2669 958 2756 μεγάλην
968 2667 1012 2736 άν
1022 2688 1075 2735 σοι
1085 2669 1168 2753 βλά-

159 2772 225 2853 βην
241 2769 415 2852 γενέσθαι,
437 2765 571 2846 είκότως
588 2761 632 2834 άν
648 2764 727 2847 τούς
743 2771 888 2854 ἐρῶντας
905 2774 1033 2854 μᾶλλον
1048 2760 1091 2833 άν
1103 2791 1166 2852 φο-

157 2871 247 2952 βοῖο·
268 2863 450 2950 πολλὰγὰρ
463 2862 714 2942 αὐτοάςέστιτά
726 2871 915 2952 λυποῦντα,
936 2866 992 2932 καὶ
1003 2862 1102 2931 πάντ’
1115 2863 1167 2932 ε’πί
1199 2886 1202 2891 ·

158 2970 198 3050 τῇ
220 2960 333 3031 αὐτῶν
355 2963 462 3052 βλάβη
485 2968 655 3050 νομίζουσι
674 2968 858 3048 γίγνεσθαι.
897 2963 1012 3050 διόπερ
1034 2961 1166 3040 καὶτὰς
1196 3046 1202 3055 ⁴

158 3059 242 3145 πρὸς
251 3059 331 3142 τούς
341 3062 463 3140 ἅλλους
473 3067 542 3129 τῶν
553 3062 729 3149 ἐρωμένων
740 3067 921 3140 συνουσίας
932 3059 1165 3148 ἀποτρέπουσι,

158 3158 366 3246 φοβούμενοι
382 3157 462 3240 τοὺς
479 3160 541 3245 μὲν
552 3157 672 3228 οὐσίαν
681 3162 922 3246 κεκτημένους,
944 3158 989 3247 μη
1001 3159 1167 3248 χρήμασιν

158 3254 282 3338 αὐτούς
292 3255 555 3346 ὑπερβάλωνται,
566 3255 646 3338 τούς
656 3258 692 3326 δὲ
702 3262 995 3347 πεπαιδευμένους,
1007 3258 1052 3346 μη
1066 3261 1166 3328 συνέ·

57 3286 115 3544 ἱ
156 3372 208 3422 σει
221 3363 393 3437 κρείττους
403 3362 579 3442 γένωνται·
601 3365 669 3426 τῶν
681 3355 710 3425 δ’
725 3357 809 3428 άλλο
820 3383 851 3426 τι
862 3362 1074 3445 κεκτημένων
1083 3359 1165 3445 άγα-
