<?xml version="1.0" encoding="UTF-8"?>
<!DOCTYPE html PUBLIC "-//W3C//DTD XHTML 1.0 Transitional//EN"
    "http://www.w3.org/TR/xhtml1/DTD/xhtml1-transitional.dtd">
<html xmlns="http://www.w3.org/1999/xhtml" xml:lang="en" lang="en">
 <head>
  <title>
</title>
<meta http-equiv="Content-Type" content="text/html;charset=utf-8" />
  <meta name='ocr-system' content='tesseract 3.04.00' />
  <meta name='ocr-capabilities' content='ocr_page ocr_carea ocr_par ocr_line ocrx_word'/>
</head>
<body>
  <div class='ocr_page' id='page_1' title='image "./dialogisecundum03platgoog_0159.png"; bbox 0 0 2408 3780; ppageno 0'>
   <div class='ocr_carea' id='block_1_1' title="bbox 15 152 920 242">
    <p class='ocr_par' dir='ltr' id='par_1_1' title="bbox 15 152 920 242">
     <span class='ocr_line' id='line_1_1' title="bbox 15 152 920 242; baseline -0.004 -25"><span class='ocrx_word' id='word_1_1' title='bbox 15 238 18 242; x_wconf 8' lang='grc' dir='ltr'><em>ῃ</em></span> <span class='ocrx_word' id='word_1_2' title='bbox 137 152 199 216; x_wconf 73' lang='grc' dir='ltr'><em>ιιι</em></span> <span class='ocrx_word' id='word_1_3' title='bbox 503 152 788 213; x_wconf 62' lang='lat' dir='ltr'><em>mammos</em></span> <span class='ocrx_word' id='word_1_4' title='bbox 917 152 920 157; x_wconf 83' lang='grc'><em>·</em></span> 
     </span>
    </p>
   </div>
   <div class='ocr_carea' id='block_1_2' title="bbox 15 308 1141 3424">
    <p class='ocr_par' dir='ltr' id='par_1_2' title="bbox 137 308 1141 497">
     <span class='ocr_line' id='line_1_2' title="bbox 137 308 1141 400; baseline -0.004 -19"><span class='ocrx_word' id='word_1_5' title='bbox 137 312 419 400; x_wconf 78' lang='grc' dir='ltr'><em>ακολουθήσειαν,</em></span> <span class='ocrx_word' id='word_1_6' title='bbox 438 317 467 379; x_wconf 89' lang='grc' dir='ltr'><em>εί</em></span> <span class='ocrx_word' id='word_1_7' title='bbox 481 308 526 398; x_wconf 82' lang='grc' dir='ltr'><em>μὴ</em></span> <span class='ocrx_word' id='word_1_8' title='bbox 538 311 669 397; x_wconf 78' lang='grc' dir='ltr'><em>μονάδα</em></span> <span class='ocrx_word' id='word_1_9' title='bbox 684 311 829 398; x_wconf 86' lang='grc' dir='ltr'><em>μονύδος</em></span> <span class='ocrx_word' id='word_1_10' title='bbox 845 311 981 398; x_wconf 81' lang='grc' dir='ltr'><strong><em>ἑκάστης</em></strong></span> <span class='ocrx_word' id='word_1_11' title='bbox 997 320 1065 380; x_wconf 91' lang='grc' dir='ltr'><em>τῶν</em></span> <span class='ocrx_word' id='word_1_12' title='bbox 1076 338 1141 397; x_wconf 90' lang='grc' dir='ltr'><em>μυ-</em></span> 
     </span>
     <span class='ocr_line' id='line_1_3' title="bbox 137 406 1035 497; baseline -0.006 -17"><span class='ocrx_word' id='word_1_13' title='bbox 137 419 220 496; x_wconf 83' lang='grc' dir='ltr'><em>ρίων</em></span> <span class='ocrx_word' id='word_1_14' title='bbox 230 416 391 497; x_wconf 85' lang='grc' dir='ltr'><em>μηδεμίαν</em></span> <span class='ocrx_word' id='word_1_15' title='bbox 404 408 508 495; x_wconf 83' lang='grc' dir='ltr'><em>ύλλην</em></span> <span class='ocrx_word' id='word_1_16' title='bbox 519 407 619 495; x_wconf 82' lang='grc' dir='ltr'><em>ύλλης</em></span> <span class='ocrx_word' id='word_1_17' title='bbox 631 406 860 494; x_wconf 75' lang='grc' dir='ltr'><em>διαφέρουσάν</em></span> <span class='ocrx_word' id='word_1_18' title='bbox 870 434 918 486; x_wconf 92' lang='grc' dir='ltr'><em>τις</em></span> <span class='ocrx_word' id='word_1_19' title='bbox 928 407 1035 494; x_wconf 77' lang='grc' dir='ltr'><em>θήσει.</em></span> 
     </span>
    </p>

    <p class='ocr_par' dir='ltr' id='par_1_3' title="bbox 135 499 1140 782">
     <span class='ocr_line' id='line_1_4' title="bbox 219 499 1140 593; baseline -0.001 -18"><span class='ocrx_word' id='word_1_20' title='bbox 219 515 320 576; x_wconf 77' lang='grc' dir='ltr'><strong>ΠΡΩ.</strong></span> <span class='ocrx_word' id='word_1_21' title='bbox 353 510 417 575; x_wconf 82' lang='grc' dir='ltr'><em>Καὶ</em></span> <span class='ocrx_word' id='word_1_22' title='bbox 434 507 522 592; x_wconf 85' lang='grc' dir='ltr'><em>μύλα</em></span> <span class='ocrx_word' id='word_1_23' title='bbox 538 504 570 591; x_wconf 79' lang='grc' dir='ltr'><em>γ’</em></span> <span class='ocrx_word' id='word_1_24' title='bbox 592 499 631 574; x_wconf 86' lang='grc' dir='ltr'><em>εύ</em></span> <span class='ocrx_word' id='word_1_25' title='bbox 648 510 752 592; x_wconf 79' lang='grc' dir='ltr'><em>λεἠεις</em></span> <span class='ocrx_word' id='word_1_26' title='bbox 763 505 804 575; x_wconf 92' lang='grc' dir='ltr'><em>ού</em></span> <span class='ocrx_word' id='word_1_27' title='bbox 821 504 963 592; x_wconf 84' lang='grc' dir='ltr'><em>σμικρὰν</em></span> <span class='ocrx_word' id='word_1_28' title='bbox 974 510 1140 593; x_wconf 89' lang='grc' dir='ltr'><em>διαφοραν</em></span> 
     </span>
     <span class='ocr_line' id='line_1_5' title="bbox 135 603 1138 692; baseline -0.001 -19"><span class='ocrx_word' id='word_1_29' title='bbox 135 615 204 674; x_wconf 87' lang='grc' dir='ltr'><em>τῶν</em></span> <span class='ocrx_word' id='word_1_30' title='bbox 221 609 295 691; x_wconf 83' lang='grc' dir='ltr'><em>περὶ</em></span> <span class='ocrx_word' id='word_1_31' title='bbox 312 603 458 692; x_wconf 74' lang='grc' dir='ltr'><em>ύριδμδν</em></span> <span class='ocrx_word' id='word_1_32' title='bbox 481 605 720 691; x_wconf 82' lang='grc' dir='ltr'><em>τευταζόντωυ,</em></span> <span class='ocrx_word' id='word_1_33' title='bbox 746 603 829 672; x_wconf 80' lang='grc' dir='ltr'><em>ὥστε</em></span> <span class='ocrx_word' id='word_1_34' title='bbox 851 603 954 688; x_wconf 82' lang='grc' dir='ltr'><em>λόγον</em></span> <span class='ocrx_word' id='word_1_35' title='bbox 976 609 1062 689; x_wconf 81' lang='grc' dir='ltr'><em>ἔχειν</em></span> <span class='ocrx_word' id='word_1_36' title='bbox 1084 603 1138 672; x_wconf 87' lang='grc' dir='ltr'><em>δύ’</em></span> 
     </span>
     <span class='ocr_line' id='line_1_6' title="bbox 136 701 341 782; baseline -0.005 -13"><span class='ocrx_word' id='word_1_37' title='bbox 136 701 341 782; x_wconf 78' lang='grc' dir='ltr'><em>αύτόιςείυαι.</em></span> 
     </span>
    </p>

    <p class='ocr_par' dir='ltr' id='par_1_4' title="bbox 137 795 1141 983">
     <span class='ocr_line' id='line_1_7' title="bbox 218 795 1141 885; baseline 0.001 -17"><span class='ocrx_word' id='word_1_38' title='bbox 218 804 293 868; x_wconf 76' lang='grc' dir='ltr'><em>ΣΩ.</em></span> <span class='ocrx_word' id='word_1_39' title='bbox 332 806 373 867; x_wconf 88' lang='grc' dir='ltr'><em>Τί</em></span> <span class='ocrx_word' id='word_1_40' title='bbox 388 803 427 867; x_wconf 82' lang='grc' dir='ltr'><em>δι’</em></span> <span class='ocrx_word' id='word_1_41' title='bbox 431 828 439 880; x_wconf 83' lang='lat'>3</span> <span class='ocrx_word' id='word_1_42' title='bbox 463 798 630 885; x_wconf 79' lang='grc' dir='ltr'><em>λογιστικὴ</em></span> <span class='ocrx_word' id='word_1_43' title='bbox 648 802 702 868; x_wconf 87' lang='grc' dir='ltr'><em>καὶ</em></span> <span class='ocrx_word' id='word_1_44' title='bbox 713 824 887 885; x_wconf 88' lang='grc' dir='ltr'><em>μετρητικη</em></span> <span class='ocrx_word' id='word_1_45' title='bbox 900 796 919 883; x_wconf 82' lang='grc' dir='ltr'><em>ἡ</em></span> <span class='ocrx_word' id='word_1_46' title='bbox 932 795 1015 866; x_wconf 80' lang='grc' dir='ltr'><em>κατὰ</em></span> <span class='ocrx_word' id='word_1_47' title='bbox 1027 825 1141 869; x_wconf 86' lang='grc' dir='ltr'><em>τεκτο-</em></span> 
     </span>
     <span class='ocr_line' id='line_1_8' title="bbox 137 895 1141 983; baseline 0.001 -19"><span class='ocrx_word' id='word_1_48' title='bbox 137 896 234 983; x_wconf 77' lang='grc' dir='ltr'><em>νικὴν</em></span> <span class='ocrx_word' id='word_1_49' title='bbox 251 900 305 965; x_wconf 83' lang='grc' dir='ltr'><em>καὶ</em></span> <span class='ocrx_word' id='word_1_50' title='bbox 319 895 391 964; x_wconf 84' lang='grc' dir='ltr'><em>κατ’</em></span> <span class='ocrx_word' id='word_1_51' title='bbox 411 896 592 982; x_wconf 76' lang='grc' dir='ltr'><em>ἐμπορικὴν</em></span> <span class='ocrx_word' id='word_1_52' title='bbox 613 905 670 982; x_wconf 80' lang='grc' dir='ltr'><em>της</em></span> <span class='ocrx_word' id='word_1_53' title='bbox 692 897 775 964; x_wconf 79' lang='grc' dir='ltr'><em>κατὰ</em></span> <span class='ocrx_word' id='word_1_54' title='bbox 790 902 992 981; x_wconf 82' lang='grc' dir='ltr'><em>φιλοσοφίαν</em></span> <span class='ocrx_word' id='word_1_55' title='bbox 1014 921 1141 982; x_wconf 79' lang='grc' dir='ltr'><em>γεωμε-</em></span> 
     </span>
    </p>

    <p class='ocr_par' dir='ltr' id='par_1_5' title="bbox 85 993 1141 1177">
     <span class='ocr_line' id='line_1_9' title="bbox 85 993 1141 1081; baseline 0.003 -22"><span class='ocrx_word' id='word_1_56' title='bbox 85 1005 120 1060; x_wconf 72' lang='grc' dir='ltr'><em>ὁῖ</em></span> <span class='ocrx_word' id='word_1_57' title='bbox 136 1001 227 1077; x_wconf 89' lang='grc' dir='ltr'><em>τρίας</em></span> <span class='ocrx_word' id='word_1_58' title='bbox 244 997 349 1060; x_wconf 81' lang='grc' dir='ltr'><em>τεκαὶ</em></span> <span class='ocrx_word' id='word_1_59' title='bbox 366 1000 534 1078; x_wconf 78' lang='grc' dir='ltr'><em>λογισμῶν</em></span> <span class='ocrx_word' id='word_1_60' title='bbox 551 996 869 1079; x_wconf 84' lang='grc' dir='ltr'><em>καταμελετωμὲνων</em></span> <span class='ocrx_word' id='word_1_61' title='bbox 881 1034 924 1044; x_wconf 98' lang='grc'>-</span> <span class='ocrx_word' id='word_1_62' title='bbox 942 994 1082 1081; x_wconf 85' lang='grc' dir='ltr'><em>πότερον</em></span> <span class='ocrx_word' id='word_1_63' title='bbox 1096 993 1141 1074; x_wconf 80' lang='grc' dir='ltr'><em>ῶς</em></span> 
     </span>
     <span class='ocr_line' id='line_1_10' title="bbox 136 1086 761 1177; baseline -0.002 -18"><span class='ocrx_word' id='word_1_64' title='bbox 136 1100 193 1177; x_wconf 87' lang='grc' dir='ltr'><em>μία</em></span> <span class='ocrx_word' id='word_1_65' title='bbox 205 1093 339 1173; x_wconf 81' lang='grc' dir='ltr'><em>ἑκατέρα</em></span> <span class='ocrx_word' id='word_1_66' title='bbox 351 1086 514 1175; x_wconf 77' lang='grc' dir='ltr'><em>λεκτέονῆ</em></span> <span class='ocrx_word' id='word_1_67' title='bbox 526 1089 587 1156; x_wconf 91' lang='grc' dir='ltr'><em>δύο</em></span> <span class='ocrx_word' id='word_1_68' title='bbox 598 1098 761 1176; x_wconf 73' lang='grc' dir='ltr'><em>τιδῶμενς</em></span> 
     </span>
    </p>

    <p class='ocr_par' dir='ltr' id='par_1_6' title="bbox 136 1184 1139 1371">
     <span class='ocr_line' id='line_1_11' title="bbox 219 1184 1139 1275; baseline 0.005 -20"><span class='ocrx_word' id='word_1_69' title='bbox 219 1194 321 1255; x_wconf 75' lang='grc' dir='ltr'><em>ΠΡίδ.</em></span> <span class='ocrx_word' id='word_1_70' title='bbox 357 1195 433 1266; x_wconf 90' lang='grc' dir='ltr'><em>Τοῖς</em></span> <span class='ocrx_word' id='word_1_71' title='bbox 450 1188 601 1270; x_wconf 81' lang='grc' dir='ltr'><em>πρόσθεν</em></span> <span class='ocrx_word' id='word_1_72' title='bbox 618 1188 777 1273; x_wconf 81' lang='grc' dir='ltr'><em>ἑπόμενος</em></span> <span class='ocrx_word' id='word_1_73' title='bbox 796 1188 892 1275; x_wconf 81' lang='grc' dir='ltr'><em>ἔγωγ’</em></span> <span class='ocrx_word' id='word_1_74' title='bbox 912 1184 956 1256; x_wconf 82' lang='grc' dir='ltr'><em>ύν</em></span> <span class='ocrx_word' id='word_1_75' title='bbox 973 1190 1034 1258; x_wconf 94' lang='grc' dir='ltr'><em>δύο</em></span> <span class='ocrx_word' id='word_1_76' title='bbox 1056 1192 1139 1260; x_wconf 81' lang='grc' dir='ltr'><em>κατὰ</em></span> 
     </span>
     <span class='ocr_line' id='line_1_12' title="bbox 136 1283 876 1371; baseline 0.003 -19"><span class='ocrx_word' id='word_1_77' title='bbox 136 1287 198 1371; x_wconf 78' lang='grc' dir='ltr'><em>τὴν</em></span> <span class='ocrx_word' id='word_1_78' title='bbox 209 1283 292 1371; x_wconf 74' lang='grc' dir='ltr'><em>ἐμὴν</em></span> <span class='ocrx_word' id='word_1_79' title='bbox 303 1293 418 1370; x_wconf 78' lang='grc' dir='ltr'><em>ψῆφον</em></span> <span class='ocrx_word' id='word_1_80' title='bbox 430 1290 559 1369; x_wconf 78' lang='grc' dir='ltr'><em>τιθείην</em></span> <span class='ocrx_word' id='word_1_81' title='bbox 570 1285 728 1367; x_wconf 76' lang='grc' dir='ltr'><em>ἑκατέραν</em></span> <span class='ocrx_word' id='word_1_82' title='bbox 739 1285 876 1354; x_wconf 86' lang='grc' dir='ltr'><em>τούτων.</em></span> 
     </span>
    </p>

    <p class='ocr_par' dir='ltr' id='par_1_7' title="bbox 136 1374 1139 1566">
     <span class='ocr_line' id='line_1_13' title="bbox 220 1374 1139 1472; baseline 0.005 -22"><span class='ocrx_word' id='word_1_83' title='bbox 220 1388 295 1450; x_wconf 77' lang='grc' dir='ltr'><em>Σίδ.</em></span> <span class='ocrx_word' id='word_1_84' title='bbox 326 1380 462 1465; x_wconf 73' lang='grc' dir='ltr'><em>Ὀρθῶς.</em></span> <span class='ocrx_word' id='word_1_85' title='bbox 485 1374 528 1448; x_wconf 86' lang='grc' dir='ltr'><em>ού</em></span> <span class='ocrx_word' id='word_1_86' title='bbox 539 1379 569 1448; x_wconf 87' lang='grc' dir='ltr'><em>δ’</em></span> <span class='ocrx_word' id='word_1_87' title='bbox 585 1381 681 1449; x_wconf 81' lang='grc' dir='ltr'><em>ἕνεκα</em></span> <span class='ocrx_word' id='word_1_88' title='bbox 692 1390 794 1449; x_wconf 81' lang='grc' dir='ltr'><em>ταῦτα</em></span> <span class='ocrx_word' id='word_1_89' title='bbox 806 1385 1083 1472; x_wconf 76' lang='grc' dir='ltr'><em>προηνεγκύμεθα</em></span> <span class='ocrx_word' id='word_1_90' title='bbox 1096 1394 1139 1466; x_wconf 86' lang='grc' dir='ltr'><em>είς</em></span> 
     </span>
     <span class='ocr_line' id='line_1_14' title="bbox 136 1473 534 1566; baseline -0.008 -17"><span class='ocrx_word' id='word_1_91' title='bbox 136 1479 174 1549; x_wconf 88' lang='grc' dir='ltr'><strong>τό</strong></span> <span class='ocrx_word' id='word_1_92' title='bbox 187 1486 305 1566; x_wconf 81' lang='grc' dir='ltr'><em>μέσον,</em></span> <span class='ocrx_word' id='word_1_93' title='bbox 318 1473 383 1566; x_wconf 80' lang='grc' dir='ltr'><em>ἆρα</em></span> <span class='ocrx_word' id='word_1_94' title='bbox 394 1482 534 1560; x_wconf 82' lang='grc' dir='ltr'><em>ἐννοεῖς;</em></span> 
     </span>
    </p>

    <p class='ocr_par' dir='ltr' id='par_1_8' title="bbox 136 1572 1138 1760">
     <span class='ocr_line' id='line_1_15' title="bbox 220 1572 1138 1666; baseline 0.007 -21"><span class='ocrx_word' id='word_1_95' title='bbox 220 1583 320 1645; x_wconf 73' lang='grc' dir='ltr'><strong><em>ΠΡΩ.</em></strong></span> <span class='ocrx_word' id='word_1_96' title='bbox 344 1577 450 1660; x_wconf 82' lang='grc' dir='ltr'><em>Ἴσως,</em></span> <span class='ocrx_word' id='word_1_97' title='bbox 462 1575 545 1644; x_wconf 79' lang='grc' dir='ltr'><em>ἄλλα</em></span> <span class='ocrx_word' id='word_1_98' title='bbox 558 1578 594 1643; x_wconf 82' lang='grc' dir='ltr'><em>σὲ</em></span> <span class='ocrx_word' id='word_1_99' title='bbox 605 1583 788 1663; x_wconf 77' lang='grc' dir='ltr'><em>βουλοίμην</em></span> <span class='ocrx_word' id='word_1_100' title='bbox 797 1572 842 1644; x_wconf 81' lang='grc' dir='ltr'><em>ύν</em></span> <span class='ocrx_word' id='word_1_101' title='bbox 853 1575 1092 1666; x_wconf 78' lang='grc' dir='ltr'><em>ἀποφήνασθαι</em></span> <span class='ocrx_word' id='word_1_102' title='bbox 1101 1584 1138 1651; x_wconf 88' lang='grc' dir='ltr'><em>τδ</em></span> 
     </span>
     <span class='ocr_line' id='line_1_16' title="bbox 136 1673 432 1760; baseline -0.01 -19"><span class='ocrx_word' id='word_1_103' title='bbox 136 1673 432 1760; x_wconf 79' lang='grc' dir='ltr'><em>νύνέρωτύμενον.</em></span> 
     </span>
    </p>

    <p class='ocr_par' dir='ltr' id='par_1_9' title="bbox 136 1765 1138 1956">
     <span class='ocr_line' id='line_1_17' title="bbox 221 1765 1138 1862; baseline 0.004 -22"><span class='ocrx_word' id='word_1_104' title='bbox 221 1778 295 1840; x_wconf 72' lang='grc' dir='ltr'><em>Σίλ.</em></span> <span class='ocrx_word' id='word_1_105' title='bbox 328 1781 436 1839; x_wconf 84' lang='grc' dir='ltr'><em>Δοκεῖ</em></span> <span class='ocrx_word' id='word_1_106' title='bbox 448 1776 564 1836; x_wconf 89' lang='grc' dir='ltr'><em>τοίνυν</em></span> <span class='ocrx_word' id='word_1_107' title='bbox 580 1774 690 1855; x_wconf 80' lang='grc' dir='ltr'><em>ἔμοιγε</em></span> <span class='ocrx_word' id='word_1_108' title='bbox 705 1765 802 1851; x_wconf 79' lang='grc' dir='ltr'><em>οὗτος</em></span> <span class='ocrx_word' id='word_1_109' title='bbox 818 1771 835 1842; x_wconf 94' lang='grc' dir='ltr'>ὁ</span> <span class='ocrx_word' id='word_1_110' title='bbox 848 1774 945 1858; x_wconf 81' lang='grc' dir='ltr'><em>λόγος</em></span> <span class='ocrx_word' id='word_1_111' title='bbox 956 1773 1015 1861; x_wconf 86' lang='grc' dir='ltr'><em>ούχ</em></span> <span class='ocrx_word' id='word_1_112' title='bbox 1027 1768 1138 1862; x_wconf 80' lang='grc' dir='ltr'><em>ἧττον,</em></span> 
     </span>
     <span class='ocr_line' id='line_1_18' title="bbox 136 1862 1138 1956; baseline 0.006 -23"><span class='ocrx_word' id='word_1_113' title='bbox 136 1862 224 1952; x_wconf 76' lang='grc' dir='ltr'><em>ἢὸτε</em></span> <span class='ocrx_word' id='word_1_114' title='bbox 242 1870 348 1951; x_wconf 79' lang='grc' dir='ltr'><em>λέγειν</em></span> <span class='ocrx_word' id='word_1_115' title='bbox 365 1865 470 1934; x_wconf 87' lang='grc' dir='ltr'><em>αύτόν</em></span> <span class='ocrx_word' id='word_1_116' title='bbox 486 1864 671 1952; x_wconf 79' lang='grc' dir='ltr'><em>ἠρχόμεθα,</em></span> <span class='ocrx_word' id='word_1_117' title='bbox 693 1883 763 1948; x_wconf 82' lang='grc' dir='ltr'><em>ταῖς</em></span> <span class='ocrx_word' id='word_1_118' title='bbox 780 1867 914 1955; x_wconf 77' lang='grc' dir='ltr'><em>ἡδοναῖς</em></span> <span class='ocrx_word' id='word_1_119' title='bbox 931 1875 1036 1956; x_wconf 81' lang='grc' dir='ltr'><em>ζητῶν</em></span> <span class='ocrx_word' id='word_1_120' title='bbox 1047 1869 1138 1940; x_wconf 84' lang='grc' dir='ltr'><em>οἶυτί-</em></span> 
     </span>
    </p>

    <p class='ocr_par' dir='ltr' id='par_1_10' title="bbox 100 1961 1139 2245">
     <span class='ocr_line' id='line_1_19' title="bbox 100 1961 1139 2052; baseline 0.002 -18"><span class='ocrx_word' id='word_1_121' title='bbox 100 1983 120 2034; x_wconf 84' lang='grc' dir='ltr'><strong>Β</strong></span> <span class='ocrx_word' id='word_1_122' title='bbox 139 1983 287 2050; x_wconf 90' lang='grc' dir='ltr'><em>στροφον</em></span> <span class='ocrx_word' id='word_1_123' title='bbox 304 1968 450 2032; x_wconf 81' lang='grc' dir='ltr'><em>ἐνταῦθα</em></span> <span class='ocrx_word' id='word_1_124' title='bbox 476 1968 751 2051; x_wconf 83' lang='grc' dir='ltr'><em>προβεβληκέναι,</em></span> <span class='ocrx_word' id='word_1_125' title='bbox 773 1975 909 2034; x_wconf 89' lang='grc' dir='ltr'><em>σκοπῶν</em></span> <span class='ocrx_word' id='word_1_126' title='bbox 927 1961 993 2052; x_wconf 81' lang='grc' dir='ltr'><em>ύρύ</em></span> <span class='ocrx_word' id='word_1_127' title='bbox 1009 1973 1079 2038; x_wconf 82' lang='grc' dir='ltr'><em>ἐστί</em></span> <span class='ocrx_word' id='word_1_128' title='bbox 1092 1996 1139 2048; x_wconf 86' lang='grc' dir='ltr'><em>τις</em></span> 
     </span>
     <span class='ocr_line' id='line_1_20' title="bbox 137 2060 1137 2152; baseline 0.006 -24"><span class='ocrx_word' id='word_1_129' title='bbox 137 2062 248 2145; x_wconf 78' lang='grc' dir='ltr'><em>ἑτέρας</em></span> <span class='ocrx_word' id='word_1_130' title='bbox 267 2060 349 2147; x_wconf 77' lang='grc' dir='ltr'><em>ἅλλη</em></span> <span class='ocrx_word' id='word_1_131' title='bbox 368 2063 586 2146; x_wconf 76' lang='grc' dir='ltr'><em>καθαρῶτέρα</em></span> <span class='ocrx_word' id='word_1_132' title='bbox 598 2063 774 2150; x_wconf 80' lang='grc' dir='ltr'><em>ἐπιστήμης</em></span> <span class='ocrx_word' id='word_1_133' title='bbox 785 2064 962 2152; x_wconf 79' lang='grc' dir='ltr'><em>ἐπιστήμη,</em></span> <span class='ocrx_word' id='word_1_134' title='bbox 985 2069 1137 2151; x_wconf 79' lang='grc' dir='ltr'><em>καθάπερ</em></span> 
     </span>
     <span class='ocr_line' id='line_1_21' title="bbox 138 2156 382 2245; baseline -0.004 -21"><span class='ocrx_word' id='word_1_135' title='bbox 138 2157 259 2243; x_wconf 82' lang='grc' dir='ltr'><em>ἡδονῆς</em></span> <span class='ocrx_word' id='word_1_136' title='bbox 269 2156 382 2245; x_wconf 77' lang='grc' dir='ltr'><em>ἡδονή.</em></span> 
     </span>
    </p>

    <p class='ocr_par' dir='ltr' id='par_1_11' title="bbox 136 2255 1138 2442">
     <span class='ocr_line' id='line_1_22' title="bbox 220 2255 1138 2344; baseline 0.01 -23"><span class='ocrx_word' id='word_1_137' title='bbox 220 2262 322 2322; x_wconf 76' lang='grc' dir='ltr'><strong><em>ΠΡΩ.</em></strong></span> <span class='ocrx_word' id='word_1_138' title='bbox 353 2258 419 2324; x_wconf 83' lang='grc' dir='ltr'><em>Καὶ</em></span> <span class='ocrx_word' id='word_1_139' title='bbox 434 2256 522 2341; x_wconf 88' lang='grc' dir='ltr'><em>μύλα</em></span> <span class='ocrx_word' id='word_1_140' title='bbox 539 2255 642 2341; x_wconf 67' lang='grc' dir='ltr'><em>σαφὲς</em></span> <span class='ocrx_word' id='word_1_141' title='bbox 658 2258 757 2326; x_wconf 83' lang='grc' dir='ltr'><em>τοῦτο’</em></span> <span class='ocrx_word' id='word_1_142' title='bbox 777 2284 832 2344; x_wconf 78' lang='grc' dir='ltr'><em>γε,</em></span> <span class='ocrx_word' id='word_1_143' title='bbox 854 2258 905 2328; x_wconf 86' lang='grc' dir='ltr'><em>ὅτι</em></span> <span class='ocrx_word' id='word_1_144' title='bbox 922 2261 1023 2329; x_wconf 72' lang='grc' dir='ltr'><em>ταῦθ’</em></span> <span class='ocrx_word' id='word_1_145' title='bbox 1042 2265 1138 2332; x_wconf 80' lang='grc' dir='ltr'><em>ἕνεκα</em></span> 
     </span>
     <span class='ocr_line' id='line_1_23' title="bbox 136 2354 527 2442; baseline -0.005 -20"><span class='ocrx_word' id='word_1_146' title='bbox 136 2354 265 2422; x_wconf 82' lang='grc' dir='ltr'><em>τούτων</em></span> <span class='ocrx_word' id='word_1_147' title='bbox 276 2357 527 2442; x_wconf 82' lang='grc' dir='ltr'><em>ἐπικεχείρηκεν.</em></span> 
     </span>
    </p>

    <p class='ocr_par' dir='ltr' id='par_1_12' title="bbox 137 2445 1140 2738">
     <span class='ocr_line' id='line_1_24' title="bbox 219 2445 1138 2542; baseline 0.003 -22"><span class='ocrx_word' id='word_1_148' title='bbox 219 2460 344 2522; x_wconf 85' lang='lat' dir='ltr'>XXXV.</span> <span class='ocrx_word' id='word_1_149' title='bbox 378 2459 452 2521; x_wconf 73' lang='grc' dir='ltr'><em>Σύδ.</em></span> <span class='ocrx_word' id='word_1_150' title='bbox 489 2458 531 2520; x_wconf 90' lang='grc' dir='ltr'><em>Τί</em></span> <span class='ocrx_word' id='word_1_151' title='bbox 544 2445 625 2535; x_wconf 74' lang='grc' dir='ltr'><em>ούνς</em></span> <span class='ocrx_word' id='word_1_152' title='bbox 648 2445 702 2538; x_wconf 81' lang='grc' dir='ltr'><em>ἆρ’</em></span> <span class='ocrx_word' id='word_1_153' title='bbox 722 2452 784 2522; x_wconf 84' lang='grc' dir='ltr'><em>οὐκ</em></span> <span class='ocrx_word' id='word_1_154' title='bbox 802 2457 837 2522; x_wconf 83' lang='grc' dir='ltr'><em>ἐν</em></span> <span class='ocrx_word' id='word_1_155' title='bbox 855 2454 916 2542; x_wconf 74' lang='grc' dir='ltr'><em>μὲν</em></span> <span class='ocrx_word' id='word_1_156' title='bbox 932 2470 999 2535; x_wconf 87' lang='grc' dir='ltr'><em>τοῖς</em></span> <span class='ocrx_word' id='word_1_157' title='bbox 1016 2461 1138 2542; x_wconf 78' lang='grc' dir='ltr'><em>ἔμπρο-</em></span> 
     </span>
     <span class='ocr_line' id='line_1_25' title="bbox 137 2545 1140 2638; baseline 0.001 -20"><span class='ocrx_word' id='word_1_158' title='bbox 137 2560 220 2618; x_wconf 84' lang='grc' dir='ltr'><em>σθεν</em></span> <span class='ocrx_word' id='word_1_159' title='bbox 235 2549 287 2618; x_wconf 83' lang='grc' dir='ltr'><em>ἐπ’</em></span> <span class='ocrx_word' id='word_1_160' title='bbox 307 2549 419 2630; x_wconf 77' lang='grc' dir='ltr'><em>ἄλλοις</em></span> <span class='ocrx_word' id='word_1_161' title='bbox 437 2549 542 2636; x_wconf 85' lang='grc' dir='ltr'><em>ύλλην</em></span> <span class='ocrx_word' id='word_1_162' title='bbox 559 2553 676 2637; x_wconf 86' lang='grc' dir='ltr'><em>τέχνην</em></span> <span class='ocrx_word' id='word_1_163' title='bbox 693 2545 800 2621; x_wconf 84' lang='grc' dir='ltr'><em>οὖσαν</em></span> <span class='ocrx_word' id='word_1_164' title='bbox 816 2550 1023 2638; x_wconf 76' lang='grc' dir='ltr'><em>ἀνευρίσκειν</em></span> <span class='ocrx_word' id='word_1_165' title='bbox 1035 2574 1140 2637; x_wconf 88' lang='grc' dir='ltr'><em>σαφε-</em></span> 
     </span>
     <span class='ocr_line' id='line_1_26' title="bbox 137 2646 802 2738; baseline 0.005 -21"><span class='ocrx_word' id='word_1_166' title='bbox 137 2649 257 2735; x_wconf 83' lang='grc' dir='ltr'><em>στέραν</em></span> <span class='ocrx_word' id='word_1_167' title='bbox 268 2651 323 2716; x_wconf 81' lang='grc' dir='ltr'><em>καὶ</em></span> <span class='ocrx_word' id='word_1_168' title='bbox 334 2646 562 2734; x_wconf 79' lang='grc' dir='ltr'><em>ἀσαφεστέραν</em></span> <span class='ocrx_word' id='word_1_169' title='bbox 572 2649 675 2735; x_wconf 84' lang='grc' dir='ltr'><em>ἄλλην</em></span> <span class='ocrx_word' id='word_1_170' title='bbox 685 2649 802 2738; x_wconf 79' lang='grc' dir='ltr'><em>ύλληςς</em></span> 
     </span>
    </p>

    <p class='ocr_par' dir='ltr' id='par_1_13' title="bbox 220 2739 607 2832">
     <span class='ocr_line' id='line_1_27' title="bbox 220 2739 607 2832; baseline 0 -18"><span class='ocrx_word' id='word_1_171' title='bbox 220 2752 322 2814; x_wconf 67' lang='lat' dir='ltr'><em>Hm.</em></span> <span class='ocrx_word' id='word_1_172' title='bbox 354 2746 453 2814; x_wconf 82' lang='grc' dir='ltr'><em>Πάνυ</em></span> <span class='ocrx_word' id='word_1_173' title='bbox 464 2739 607 2832; x_wconf 78' lang='grc' dir='ltr'><em>μὲνοῦν.</em></span> 
     </span>
    </p>

    <p class='ocr_par' dir='ltr' id='par_1_14' title="bbox 136 2837 1139 3032">
     <span class='ocr_line' id='line_1_28' title="bbox 220 2837 1139 2934; baseline 0 -21"><span class='ocrx_word' id='word_1_174' title='bbox 220 2851 295 2913; x_wconf 73' lang='grc' dir='ltr'><em>ΣΩ.</em></span> <span class='ocrx_word' id='word_1_175' title='bbox 326 2843 380 2912; x_wconf 86' lang='grc' dir='ltr'><em>Ἐν</em></span> <span class='ocrx_word' id='word_1_176' title='bbox 397 2845 526 2924; x_wconf 81' lang='grc' dir='ltr'><em>τούτοις</em></span> <span class='ocrx_word' id='word_1_177' title='bbox 543 2849 579 2913; x_wconf 80' lang='grc' dir='ltr'><em>δὲ</em></span> <span class='ocrx_word' id='word_1_178' title='bbox 598 2837 652 2932; x_wconf 80' lang='grc' dir='ltr'><em>ἆρ’</em></span> <span class='ocrx_word' id='word_1_179' title='bbox 675 2845 717 2914; x_wconf 88' lang='grc' dir='ltr'><em>ού</em></span> <span class='ocrx_word' id='word_1_180' title='bbox 732 2874 806 2917; x_wconf 93' lang='grc' dir='ltr'><em>τινα</em></span> <span class='ocrx_word' id='word_1_181' title='bbox 821 2851 939 2934; x_wconf 80' lang='grc' dir='ltr'><em>τέχνην</em></span> <span class='ocrx_word' id='word_1_182' title='bbox 949 2843 993 2923; x_wconf 81' lang='grc' dir='ltr'><em>ῶς</em></span> <span class='ocrx_word' id='word_1_183' title='bbox 1004 2841 1139 2930; x_wconf 77' lang='grc' dir='ltr'><em>ὁμώνυ-</em></span> 
     </span>
     <span class='ocr_line' id='line_1_29' title="bbox 136 2942 1138 3032; baseline -0.002 -20"><span class='ocrx_word' id='word_1_184' title='bbox 136 2968 201 3030; x_wconf 93' lang='grc' dir='ltr'><em>μον</em></span> <span class='ocrx_word' id='word_1_185' title='bbox 219 2942 463 3029; x_wconf 76' lang='grc' dir='ltr'><em>φθεγξάμενος,</em></span> <span class='ocrx_word' id='word_1_186' title='bbox 482 2949 527 3022; x_wconf 85' lang='grc' dir='ltr'><em>είς</em></span> <span class='ocrx_word' id='word_1_187' title='bbox 545 2945 646 3024; x_wconf 85' lang='grc' dir='ltr'><em>δόξαν</em></span> <span class='ocrx_word' id='word_1_188' title='bbox 663 2945 867 3032; x_wconf 77' lang='grc' dir='ltr'><em>καταστήσας</em></span> <span class='ocrx_word' id='word_1_189' title='bbox 877 2943 920 3023; x_wconf 79' lang='grc' dir='ltr'><em>ῶς</em></span> <span class='ocrx_word' id='word_1_190' title='bbox 930 2951 1021 3030; x_wconf 83' lang='grc' dir='ltr'><em>μιᾶς,</em></span> <span class='ocrx_word' id='word_1_191' title='bbox 1040 2943 1138 3011; x_wconf 77' lang='grc' dir='ltr'><em>πάλιν</em></span> 
     </span>
    </p>

    <p class='ocr_par' dir='ltr' id='par_1_15' title="bbox 15 3037 1139 3424">
     <span class='ocr_line' id='line_1_30' title="bbox 100 3037 1139 3130; baseline 0.001 -22"><span class='ocrx_word' id='word_1_192' title='bbox 100 3062 118 3108; x_wconf 83' lang='grc' dir='ltr'><em>ο</em></span> <span class='ocrx_word' id='word_1_193' title='bbox 138 3037 181 3120; x_wconf 83' lang='grc' dir='ltr'><em>ῶς</em></span> <span class='ocrx_word' id='word_1_194' title='bbox 192 3045 288 3108; x_wconf 85' lang='grc' dir='ltr'><em>δυοῖν</em></span> <span class='ocrx_word' id='word_1_195' title='bbox 299 3043 489 3130; x_wconf 78' lang='grc' dir='ltr'><em>ἐπανερωτᾷ</em></span> <span class='ocrx_word' id='word_1_196' title='bbox 506 3042 641 3111; x_wconf 84' lang='grc' dir='ltr'><em>τούτοιν</em></span> <span class='ocrx_word' id='word_1_197' title='bbox 652 3043 783 3128; x_wconf 82' lang='grc' dir='ltr'><em>αύτοῖν,</em></span> <span class='ocrx_word' id='word_1_198' title='bbox 804 3041 840 3110; x_wconf 88' lang='grc' dir='ltr'><em>τδ</em></span> <span class='ocrx_word' id='word_1_199' title='bbox 852 3041 954 3127; x_wconf 75' lang='grc' dir='ltr'><em>σαφὲς</em></span> <span class='ocrx_word' id='word_1_200' title='bbox 965 3043 1018 3108; x_wconf 80' lang='grc' dir='ltr'><em>καί</em></span> <span class='ocrx_word' id='word_1_201' title='bbox 1030 3039 1067 3108; x_wconf 90' lang='grc' dir='ltr'>τὸ</span> <span class='ocrx_word' id='word_1_202' title='bbox 1079 3068 1139 3108; x_wconf 87' lang='grc' dir='ltr'><em>κα-</em></span> 
     </span>
     <span class='ocr_line' id='line_1_31' title="bbox 135 3134 1139 3237; baseline 0.001 -32"><span class='ocrx_word' id='word_1_203' title='bbox 135 3138 246 3224; x_wconf 75' lang='grc' dir='ltr'><em>θαρὸν</em></span> <span class='ocrx_word' id='word_1_204' title='bbox 264 3140 338 3237; x_wconf 82' lang='grc' dir='ltr'><em>περὶ</em></span> <span class='ocrx_word' id='word_1_205' title='bbox 355 3145 458 3205; x_wconf 82' lang='grc' dir='ltr'><em>ταῦτα</em></span> <span class='ocrx_word' id='word_1_206' title='bbox 480 3138 622 3225; x_wconf 83' lang='grc' dir='ltr'><em>πότερον</em></span> <span class='ocrx_word' id='word_1_207' title='bbox 641 3138 661 3228; x_wconf 82' lang='grc' dir='ltr'><em>ἡ</em></span> <span class='ocrx_word' id='word_1_208' title='bbox 679 3150 747 3209; x_wconf 89' lang='grc' dir='ltr'><em>τῶν</em></span> <span class='ocrx_word' id='word_1_209' title='bbox 763 3137 1041 3225; x_wconf 84' lang='grc' dir='ltr'><em>φιλοσοφούντων</em></span> <span class='ocrx_word' id='word_1_210' title='bbox 1058 3134 1080 3225; x_wconf 78' lang='grc' dir='ltr'><em>ἢ</em></span> <span class='ocrx_word' id='word_1_211' title='bbox 1095 3136 1139 3225; x_wconf 81' lang='grc' dir='ltr'><em>μη</em></span> 
     </span>
     <span class='ocr_line' id='line_1_32' title="bbox 15 3234 750 3325; baseline 0.003 -24"><span class='ocrx_word' id='word_1_212' title='bbox 15 3296 18 3311; x_wconf 93' lang='grc'><em>,</em></span> <span class='ocrx_word' id='word_1_213' title='bbox 137 3237 415 3322; x_wconf 85' lang='grc' dir='ltr'><em>φιλοσοφούντων</em></span> <span class='ocrx_word' id='word_1_214' title='bbox 426 3234 750 3325; x_wconf 76' lang='grc' dir='ltr'><em>ύκριβίστερονέχεις</em></span> 
     </span>
     <span class='ocr_line' id='line_1_33' title="bbox 217 3333 977 3424; baseline 0.007 -25"><span class='ocrx_word' id='word_1_215' title='bbox 217 3338 321 3400; x_wconf 69' lang='lat' dir='ltr'><em>Hm.</em></span> <span class='ocrx_word' id='word_1_216' title='bbox 351 3336 418 3401; x_wconf 82' lang='grc' dir='ltr'><em>Καὶ</em></span> <span class='ocrx_word' id='word_1_217' title='bbox 429 3333 518 3420; x_wconf 84' lang='grc' dir='ltr'><em>μύλα</em></span> <span class='ocrx_word' id='word_1_218' title='bbox 529 3340 621 3404; x_wconf 84' lang='grc' dir='ltr'><em>δοκεῖ</em></span> <span class='ocrx_word' id='word_1_219' title='bbox 630 3361 687 3423; x_wconf 89' lang='grc' dir='ltr'><em>μοι</em></span> <span class='ocrx_word' id='word_1_220' title='bbox 696 3342 795 3403; x_wconf 87' lang='grc' dir='ltr'><em>τούτο</em></span> <span class='ocrx_word' id='word_1_221' title='bbox 807 3338 977 3424; x_wconf 78' lang='grc' dir='ltr'><em>διορωτςὶν.</em></span> 
     </span>
    </p>
   </div>
   <div class='ocr_carea' id='block_1_3' title="bbox 0 0 1208 3780">
    <p class='ocr_par' dir='ltr' id='par_1_16' title="bbox 0 0 1208 3780">
     <span class='ocr_line' id='line_1_34' title="bbox 0 0 1208 3780; baseline 0 1"><span class='ocrx_word' id='word_1_222' title='bbox 0 0 1208 3780; x_wconf 95' lang='lat' dir='ltr'><em> </em></span> 
     </span>
    </p>
   </div>
  </div>
 </body>
</html>
