2408 3780
46 160 79 215 ιι
113 162 116 167 ·
399 152 717 211 ενωαοειοα.
997 149 1059 212 159

10 318 14 341 ²
48 314 215 398 έξέλιπον,
227 308 291 379 σόν
300 314 417 398 έργον,
430 300 457 376 ά
468 307 715 396 Ἀριστόφανες,
727 307 979 399 ἀναπληρῶσαι·
997 309 1017 399 ἦ
1030 324 1063 381 εἰ

10 426 13 469 ί
49 408 285 489 κωςάλλωςέν
302 415 354 495 νηῦ
364 413 445 493 ἔχεις
455 409 668 495 ἐγκωμιάζειν
677 405 737 476 τὸν
748 409 849 495 θεόν,
868 413 1055 498 έγκωμίαζε,

10 502 14 567 ἶ
51 504 161 593 ῦτειίἠ
184 506 239 574 καί
259 512 317 593 τῆς
337 506 459 593 λυγγὸς
480 511 656 575 πέπαυσαι.
677 544 720 559 -
740 504 975 594 Ἐκῦεξάμενον
996 501 1058 575 οὖν
1079 519 1128 573 189

10 620 17 649 ἰ
50 612 123 692 ἔφη’
135 608 241 673 εἰπεῖν
262 599 321 672 τὸν
333 600 552 691 Ἀριστοφάνη
569 602 620 672 ὅτι
631 606 696 671 Καὶ
713 603 793 691 μάλ’
812 606 994 692 ἐπαύσατο,
1016 604 1057 673 οὐ

10 716 14 725 ’
52 706 163 791 μέντοι
179 706 261 786 πρίν
272 726 310 788 γε
325 698 387 771 τὰν
403 700 555 790 πταρμὸν
572 711 836 789 προσενεχθῆναι
851 702 950 793 αὐτῇ,
974 703 1057 772 άστε

53 827 90 889 με
101 799 297 887 θαυμάζειν,
311 798 386 869 εἰτὸ
399 800 538 887 κόσμιον
548 807 610 867 τοῦ
621 800 772 887 σώματος
782 804 941 888 ἐπιθυμεῖ
946 801 1054 869 τοιού-

53 926 120 969 των
139 898 262 985 ψάφων
278 899 334 967 καλ
350 905 600 985 γαργαλισμῶν,
622 892 695 965 οἷον
712 901 765 966 καὶ
783 896 960 988 ὁπταρμός
972 902 1055 967 ἐστι·

20 1000 24 1007 ’
55 998 143 1065 πάνυ
162 994 228 1083 γάρ
250 993 356 1075 εῦθῦς
376 996 540 1065 ἐπαύσατο
547 1047 556 1081 ,
579 994 690 1084 ἐπειδὴ
714 994 804 1089 αὐτῷ
825 995 885 1067 τὸν
905 995 1056 1083 πταρμὸν

55 1092 270 1183 προσήνεγκα.
294 1096 348 1163 καλ
361 1091 422 1163 τὸν
431 1085 704 1181 Ἐρυξίμαχον,Ὠ
713 1092 810 1181 ’γαθέ
815 1146 825 1182 ,
838 1094 959 1181 φάναι,
968 1095 1056 1181 Ἀρι-

19 1195 24 1201 ’
57 1192 216 1279 στόφανες
222 1188 307 1280 ,ὅρα
317 1198 351 1261 τί
358 1205 468 1273 ποιεῖς.
482 1201 709 1278 γελωτοποιείς
720 1197 849 1279 μέλλων
859 1200 983 1281 λέγειν,
1001 1197 1055 1263 καὶ

26 1368 37 1381 ,
58 1288 186 1377 φύλακά
198 1316 238 1378 με
249 1290 425 1378 τοῦλόγου
436 1288 627 1376 ἀναγκάζεις
638 1297 811 1376 γίγνεσθαι
825 1300 887 1360 τοῦ
899 1302 1052 1378 σεαυτοῦ,
1072 1304 1092 1352 B

28 1384 36 1475 J
60 1388 292 1477 έάντιγελοίον
309 1398 417 1479 είπης,
441 1389 515 1469 ἐξόν
525 1408 579 1457 σοι
597 1393 633 1456 ἐν
651 1390 764 1477 εἰρήνη
782 1393 898 1475 λέγειν,
922 1394 974 1457 καί
997 1389 1057 1458 τὸν

61 1487 268 1575 Αριστοφάνη
280 1486 465 1573 γελάσαντα
477 1493 580 1557 εἰπεῖν
597 1481 648 1557 Εὖ
667 1491 786 1574 λέγεις,
811 1483 838 1556 ά
858 1489 1055 1575 Ἐρυξίμαχε,

61 1593 112 1655 καί
124 1612 180 1673 μοι
196 1592 279 1657 ἔστω
295 1583 422 1674 άρρητα
438 1584 478 1655 τά
496 1590 659 1674 εἰρημένα.
681 1585 762 1656 άλλά
779 1588 823 1674 μή
841 1615 881 1675 με
899 1589 1055 1674 φύλαττε,

63 1680 101 1763 άς
110 1680 171 1771 έγιλ
183 1690 353 1772 φοβοῦμαι
367 1686 442 1770 περὶ
458 1692 527 1753 τοῖν
538 1685 728 1771 μελλόντων
739 1686 959 1774 ῥηθήσεσθαι,
972 1684 1016 1753 οὔ
1026 1711 1056 1751 τι

64 1780 101 1869 μὴ
110 1789 217 1867 γελοία
229 1791 330 1867 εἰπω,
342 1789 440 1851 τοῦτο
451 1782 586 1871 μὲνγὰρ
599 1778 642 1851 άν
653 1786 768 1870 κέρδος
780 1795 828 1872 εἰη
842 1788 897 1853 καί
908 1791 964 1872 τῆς
974 1781 1056 1870 ἡμε-

64 1882 147 1967 τέρας
162 1880 289 1966 μούσης
306 1874 498 1967 ἐπιχώριον,
521 1878 604 1949 άλλά
621 1880 664 1968 μὴ
683 1883 914 1968 καταγέλαστα.
938 1881 1056 1951 Βαλάν

65 2002 104 2061 γε,
113 1976 232 2066 φάναι,
246 1970 523 2067 ιὸἈριστόφανες,
536 1989 598 2048 οίει
609 1981 842 2066 ἐκφεύξεσθαι·
855 1979 938 2050 άλλά
950 1982 1056 2067 πρόσ-

37 2108 41 2117 ·
66 2100 108 2163 εηε
123 2074 183 2145 τὸν
198 2084 283 2145 νοῦν
301 2077 355 2144 καὶ
372 2075 460 2144 οὕτω
479 2080 551 2161 λέγε
565 2075 608 2157 ὡς
620 2079 738 2146 ῦάσων
749 2076 867 2165 λόγον·
887 2089 964 2159 ίσως
975 2082 1056 2165 μέν·
1075 2090 1094 2138 G

42 2238 45 2243 .
65 2200 119 2262 τοι,
130 2170 172 2243 άν
182 2175 262 2264 ῦόξη
271 2198 343 2263 μοι,
361 2172 480 2262 άφήσω
496 2196 542 2243 σε.

134 2280 215 2345 XIV.
253 2274 320 2343 Καὶ
331 2273 414 2361 μήν,
428 2266 454 2342 ά
469 2270 666 2362 Ἐρυξίμαχε,
678 2281 782 2344 εἰπεῖν
796 2274 1058 2361 τὸνἈριστοφά-

63 2396 107 2458 νη,
118 2370 201 2461 άλλη
211 2373 251 2457 γέ
261 2396 307 2459 πη
320 2374 357 2440 ἐν
367 2379 417 2462 νῷ
427 2376 489 2457 ἔχω
501 2374 619 2459 λέγειν,
632 2368 654 2458 ἢ
666 2364 686 2460 η’
698 2372 741 2439 σά
752 2398 786 2439 τε
801 2374 855 2440 καί
865 2379 1058 2450 Παυσανίας

63 2470 191 2557 εἰπέτην.
214 2468 288 2555 ἐμοὶ
303 2466 367 2556 γάρ
386 2471 544 2537 δοκοῦσιν
562 2474 596 2538 οἰ
612 2467 788 2554 άνθρωποι
799 2468 986 2537 παντάπασι
996 2466 1058 2555 τὴν

62 2574 115 2635 τοῦ
130 2574 253 2656 ἔρωτος
264 2565 408 2652 δύναμιν
419 2564 481 2634 οὐκ
493 2565 676 2656 ᾐσθῆσθαι,
689 2570 758 2636 ἐπεὶ
769 2568 1010 2654 αἰσθανόμενοί
1019 2593 1056 2654 γε

38 2698 41 2703 ·
61 2664 177 2751 μέγιστ’
187 2661 233 2733 άν
243 2662 349 2733 αὐτοῦ
359 2660 431 2750 ἰερά
444 2665 687 2735 κατασκευάσαι
699 2668 752 2735 καί
763 2664 907 2753 βωμούς,
921 2666 976 2734 καὶ
989 2675 1055 2733 θν-

48 2768 124 2845 -σίας
139 2758 184 2832 άν
200 2775 307 2831 ποιεῖν
327 2767 496 2850 μεγίστας,
518 2762 578 2851 οὐχ
603 2764 712 2852 ὥσπερ
730 2772 796 2832 νῦν
813 2764 941 2832 τούτων
958 2761 1058 2833 οὐδέν

47 2862 197 2948 Ιγίγνεται
208 2862 283 2949 περὶ
293 2857 407 2948 αὐτόν,
420 2864 497 2930 θέον
505 2863 639 2930 πάντων
648 2863 788 2950 μάλιστα
796 2872 979 2949 γίγνεσθαι.
991 2867 1058 2929 ἔστι

30 3014 33 3019 .
58 2959 115 3047 γὰρ
134 2967 229 3029 θεάν
251 2960 585 3047 φιλανθρωπότατος,
608 2961 782 3046 ἐπίκονρός
797 2987 832 3029 τε
850 2957 899 3028 εἰν
915 2968 984 3028 τοῖν
997 2958 1058 3025 άν-
1078 2978 1096 3023 ο

57 3059 204 3143 θράπων
214 3058 270 3128 καὶ
281 3055 392 3145 ἰατρὸς
401 3059 548 3142 τούτων,
567 3049 615 3126 ὧν
626 3064 792 3128 ἰαθέντων
802 3066 934 3146 μεγίστη
947 3055 1059 3123 εὐδαι-

57 3162 150 3241 μονία
168 3149 213 3224 άν
229 3162 275 3245 τῷ
293 3151 493 3247 ἀνθρωπείῳ
511 3157 601 3242 γένει
616 3166 673 3242 εἰη.
699 3155 762 3242 ἐγω
780 3149 843 3224 οὖν
860 3154 1058 3244 πειράσομαι

56 3250 132 3344 ὑμῖν
142 3254 386 3343 εἰωγγήσασθαι
396 3253 458 3342 τὴν
469 3255 614 3342 δύναμιν
624 3253 731 3323 αὐτοῦ
737 3305 746 3341 ,
769 3251 862 3343 ὑμεῖς
873 3255 908 3324 δὲ
919 3262 986 3323 τῶν
999 3253 1059 3322 άλ-

55 3362 121 3424 λωι·
137 3353 335 3427 διδάσκαλοι
351 3359 476 3423 ἔσεσθε.
501 3358 553 3422 δεῖ
566 3353 601 3421 δὲ
618 3358 752 3439 πρῶτον
768 3350 855 3439 ὑμᾶς
867 3360 989 3439 μαθεῖν
998 3348 1059 3437 τὴν
1176 3388 1187 3433 4
