2408 3780
69 224 120 276 lll
463 217 691 276 ΦΑΙΔΡΟΣ.
1012 214 1075 278 249

65 369 120 440 ὅτι
137 371 198 440 οὐκ
216 371 353 457 ἐραστὴς
370 369 419 441 ιδν
437 380 499 442 σοῦ
522 373 684 461 τυγχάνω.
709 370 753 452 ὡς
770 377 906 454 ἐκείνοις
921 375 982 460 μὲν
1000 376 1074 443 τότε

64 472 238 554 μεταμέλει
256 461 305 537 οὖν
321 465 365 536 δν
382 461 422 537 εὖ
445 471 644 558 ποιήσουσιν,
666 470 799 541 ἐπειδάν
818 478 877 557 τῆς
897 474 1075 557 ἐπιθυμίας

64 565 269 634 παύσωνται.
512 571 515 575 ’
884 577 910 626 *³

151 669 227 730 252.
253 654 298 730 Ἦ
310 670 437 732 πολλοῦ
455 669 524 732 δεῖν
540 670 627 734 έοιιιε
638 677 744 732 ποιεῖν
755 661 812 732 ὅδε
822 689 860 748 γε
871 661 891 732 δ
902 670 1072 750 ζητοῦμεν,

65 758 104 841 ὃς
115 759 194 829 οὐδὲ
210 758 267 827 ἀπ’
282 759 383 847 ἀρχῆς
399 759 473 830 ἀλλ’
490 759 555 828 άπδ
568 768 720 847 τελευτῆς
736 765 768 841 ἐξ
779 758 895 840 ὑπτίας
907 761 1074 831 άνάπαλιν

65 863 195 928 διανεῖν
206 861 361 943 ἐπιχειρεῖ
367 857 427 925 τὸν
439 860 551 944 λόγον,
562 861 617 926 καὶ
627 857 759 945 ἄρχεται
771 855 831 943 ἀφ’
845 851 894 926 (δν
904 862 1073 944 πεπαυμέ-

65 981 126 1034 νος
147 950 192 1022 ίίν
210 953 273 1040 ἤδη
296 951 313 1021 δ
335 954 473 1042 ἐραστὴς
493 959 583 1042 λέγοι
604 946 686 1040 πρὸς
701 954 741 1023 τοὶ
763 956 906 1024 παιδικά.
928 953 951 1043 ἦ
973 955 1073 1024 οὐδὲν

65 1051 177 1133 εἷπον,
191 1055 330 1135 Φαῖδρε,
344 1057 422 1135 φίλη
434 1051 563 1137 κεφαλή
570 1079 578 1129 ;

152 1153 242 1215 ΦΑΙ.
266 1145 407 1232 Ἔστιγέ
417 1173 468 1215 τοι
484 1148 542 1235 δή,
566 1142 801 1236 οδΣάιιρατες,
824 1150 974 1236 τελευτή,
997 1154 1072 1237 περὶ
1089 1165 1111 1216 Β

64 1238 110 1314 οὗ
119 1246 179 1312 τὸν
190 1245 291 1329 λόγον
302 1258 449 1312 ποιεῖται.

51 1356 53 1361 '
153 1349 228 1411 Σίλ.
264 1348 306 1410 Τί
313 1342 349 1410 δὲ
358 1334 477 1426 τάλλα;
494 1340 537 1410 οὐ
546 1343 653 1430 χύδην
664 1349 757 1413 δοκεῖ
764 1350 948 1430 βεβλῆσθαι
958 1345 997 1410 τά
1010 1351 1070 1412 τοῦ
1130 1411 1132 1415 ,

63 1441 187 1527 λόγους
208 1437 230 1526 ἢ
248 1438 447 1525 φαίνεταιτὸ
462 1441 620 1526 δεύτερον
631 1445 804 1527 εἰρημένον
817 1447 853 1509 ἔκ
866 1467 954 1519 τινος
965 1439 1071 1526 άνάγ-

64 1562 127 1625 κης
139 1537 296 1620 δεύτερον
307 1541 378 1604 δεῖν
388 1544 544 1623 τεθῆναι,
554 1537 618 1623 ἥτι
628 1537 708 1606 ἄλλο
719 1546 787 1604 τοῖν
798 1540 987 1623 ῥηθέντωνς
1000 1541 1070 1623 ἐμοὶ

64 1633 208 1720 μὲνγὰρ
226 1636 352 1716 ἔδοξεν,
377 1631 421 1712 ὦς
438 1635 542 1721 μηδὲν
558 1634 675 1721 είδότι,
697 1633 760 1703 οὐκ
771 1633 965 1720 άγεννοῖςτδ
977 1633 1072 1704 έπιόν

64 1737 220 1817 εἰρῆσθαι
236 1737 283 1818 τςό
298 1730 478 1816 γράφοντι·
502 1728 545 1799 οδ
564 1727 596 1798 δ’
616 1737 697 1819 ἔχεις
712 1728 786 1798 τινίι
805 1728 955 1817 άνάγκην
973 1740 1072 1817 λογο-

64 1828 251 1915 γραφιιιήυ,
275 1819 298 1916 ᾖ
318 1835 421 1895 ταῦτα
438 1830 561 1907 ἐκεῖνος
578 1828 684 1908 οὕτως
704 1832 820 1914 ἐφεξῆς
842 1825 920 1912 παρ’
944 1826 1071 1913 ἄλληλα

65 1933 206 2012 έδηκενς

153 2029 243 2092 ΦΑΙ.
276 2020 426 2108 Χρηστὸς
437 2020 481 2106 εί,
502 2020 554 2089 ὅτι
569 2047 610 2107 με
626 2020 702 2108 ἡγεῖ
710 2019 829 2090 ίαανδν
839 2020 924 2090 εἶναι
934 2020 973 2089 τὰ
985 2027 1069 2091 έκεί-
1087 2035 1107 2086 0

65 2146 130 2188 νου
142 2118 246 2198 οὕτως
256 2117 400 2206 ἀκριβῶς
410 2124 533 2187 διιδεῖν.

153 2224 226 2284 ΣΩ.
258 2215 354 2286 Ἀλλὰ
372 2217 447 2285 τόδε
463 2243 501 2302 γε
519 2215 612 2302 οίμαί
627 2239 663 2284 σε
681 2216 785 2302 φάναι
796 2215 856 2302 άν,
875 2222 945 2309 δεῖν
962 2218 1071 2285 πάντα
1167 2291 1170 2294 ‚

66 2315 169 2399 λόγον
187 2311 297 2402 ὥσπερ
313 2320 399 2396 ζῶον
409 2314 607 2382 συνεστάναι
618 2313 712 2400 σῶμά
723 2340 754 2381 τι
765 2320 881 2400 ἔχοντα
892 2313 997 2383 αὐτὸν
1007 2312 1070 2383 αὑ-

64 2419 144 2497 τοῦ,
169 2410 252 2479 ὥστε
268 2411 349 2498 μήτε
368 2408 538 2496 ἀκέφαλον
552 2411 636 2480 εἶναι
652 2413 732 2498 μήτε
743 2410 869 2498 δίπουν,
891 2411 974 2481 άλλά
985 2418 1068 2499 μέσα

65 2535 101 2576 τε
113 2515 198 2596 ἔχειν
209 2511 264 2577 καὶ
275 2507 370 2593 άκρα,
382 2507 541 2592 πρέποντ’
555 2507 709 2596 ἀλλήλοις
720 2512 773 2578 καλ
787 2518 834 2599 τῷ
846 2509 913 2598 ὅλφ
923 2535 1069 2597 γεγραμ-

65 2632 159 2692 μενα.

151 2710 240 2772 ΦΑΙ.
272 2703 496 2790 Ποδςγίιροῦς

151 2807 224 2868 Σίδ.
265 2805 394 2882 Σκέψαι
413 2807 530 2869 τοίνυν
551 2801 612 2869 τδν
631 2810 692 2871 τοῦ
716 2805 847 2890 ἑταίρου
869 2823 932 2871 σου
953 2805 1066 2890 λόγον,

65 2897 134 2966 είθ’
153 2896 540 2986 οδτυςεῖτείίλλωςέχει·
563 2903 618 2969 καὶ
628 2898 780 2988 εὑρήσεις
790 2909 851 2970 τοῦ
860 2902 1067 2988 ἐπιγράμμα-

64 3023 121 3075 τος
139 2994 239 3065 οὐδέν
257 3000 457 3082 διαφέροντα
463 3050 473 3083 ,
496 2996 516 3066 δ
526 3005 620 3088 Μίδᾳ
630 3009 678 3090 τῷ
688 3008 801 3086 Φρυγί
807 3008 892 3085 φασί
898 3027 984 3080 τινες
994 3005 1067 3071 ἐπι-
1084 3013 1107 3062 θ

63 3093 264 3180 γεγράφθαι.

150 3198 241 3260 ΦΑΙ,
274 3199 379 3261 Ποῖον
388 3197 569 3279 τοῦτο,ιιαλ
579 3200 614 3262 τί
620 3194 805 3275 πεπονθός;
1130 3206 1137 3211 ”

149 3295 224 3356 ΣΩ.
247 3287 339 3358 Ἔστι
352 3291 413 3377 μὲν
422 3299 521 3360 τοῦτο
532 3293 623 3362 τόδε·
1081 3342 1084 3347 -

86 3452 89 3455 ,
168 3396 274 3474 χαλκῆ
294 3391 462 3477 παρθένος
483 3396 564 3479 είμί,
586 3397 681 3460 Μίδα
698 3390 731 3461 δ’
749 3393 801 3462 ἐπὶ
817 3391 1075 3479 σήρατιιιεῖραι.“
