<?xml version="1.0" encoding="UTF-8"?>
<!DOCTYPE html PUBLIC "-//W3C//DTD XHTML 1.0 Transitional//EN"
    "http://www.w3.org/TR/xhtml1/DTD/xhtml1-transitional.dtd">
<html xmlns="http://www.w3.org/1999/xhtml" xml:lang="en" lang="en">
 <head>
  <title>
</title>
<meta http-equiv="Content-Type" content="text/html;charset=utf-8" />
  <meta name='ocr-system' content='tesseract 3.04.00' />
  <meta name='ocr-capabilities' content='ocr_page ocr_carea ocr_par ocr_line ocrx_word'/>
</head>
<body>
  <div class='ocr_page' id='page_1' title='image "./dialogisecundum03platgoog_0417.png"; bbox 0 0 2408 3780; ppageno 0'>
   <div class='ocr_carea' id='block_1_1' title="bbox 383 439 964 688">
    <p class='ocr_par' dir='ltr' id='par_1_1' title="bbox 383 439 964 688">
     <span class='ocr_line' id='line_1_1' title="bbox 425 439 888 530; baseline -0.002 0"><span class='ocrx_word' id='word_1_1' title='bbox 425 527 426 530; x_wconf 74' lang='grc'><strong><em>,</em></strong></span> <span class='ocrx_word' id='word_1_2' title='bbox 459 439 888 529; x_wconf 80' lang='grc' dir='ltr'><em>ΑΝΤΕΡΑΣΤΑῙ</em></span> 
     </span>
     <span class='ocr_line' id='line_1_2' title="bbox 383 579 964 688; baseline 0.01 -29"><span class='ocrx_word' id='word_1_3' title='bbox 383 579 424 684; x_wconf 72' lang='grc' dir='ltr'><strong><em>[ἢ</em></strong></span> <span class='ocrx_word' id='word_1_4' title='bbox 449 591 524 681; x_wconf 76' lang='grc' dir='ltr'><strong><em>περὶ</em></strong></span> <span class='ocrx_word' id='word_1_5' title='bbox 552 594 783 684; x_wconf 79' lang='grc' dir='ltr'><em>φιλοσοφίας·</em></span> <span class='ocrx_word' id='word_1_6' title='bbox 809 587 964 688; x_wconf 77' lang='grc' dir='ltr'><strong><em>ἠθικός]</em></strong></span> 
     </span>
    </p>
   </div>
   <div class='ocr_carea' id='block_1_2' title="bbox 101 724 773 777">
    <p class='ocr_par' dir='ltr' id='par_1_2' title="bbox 101 724 773 777">
     <span class='ocr_line' id='line_1_3' title="bbox 101 724 773 777; baseline 0 -1"><span class='ocrx_word' id='word_1_7' title='bbox 101 724 136 776; x_wconf 79' lang='lat' dir='ltr'><strong><em>St.</em></strong></span> <span class='ocrx_word' id='word_1_8' title='bbox 149 727 168 777; x_wconf 86' lang='lat'><strong><em>1.</em></strong></span> <span class='ocrx_word' id='word_1_9' title='bbox 571 762 773 776; x_wconf 81' lang='grc'>--..-</span> 
     </span>
    </p>
   </div>
   <div class='ocr_carea' id='block_1_3' title="bbox 41 809 1204 3413">
    <p class='ocr_par' dir='ltr' id='par_1_3' title="bbox 41 809 1204 3413">
     <span class='ocr_line' id='line_1_4' title="bbox 102 809 1172 951; baseline 0.003 -28"><span class='ocrx_word' id='word_1_10' title='bbox 102 809 151 925; x_wconf 64' lang='grc' dir='ltr'><strong><em>εδδ</em></strong></span> <span class='ocrx_word' id='word_1_11' title='bbox 253 861 274 920; x_wconf 86' lang='grc' dir='ltr'><strong><em>Ι.</em></strong></span> <span class='ocrx_word' id='word_1_12' title='bbox 317 846 389 935; x_wconf 74' lang='grc' dir='ltr'><strong><em>Εἰς</em></strong></span> <span class='ocrx_word' id='word_1_13' title='bbox 400 864 585 927; x_wconf 89' lang='grc' dir='ltr'><strong><em>Διονυσίου</em></strong></span> <span class='ocrx_word' id='word_1_14' title='bbox 596 869 658 928; x_wconf 86' lang='grc' dir='ltr'><strong><em>τοῦ</em></strong></span> <span class='ocrx_word' id='word_1_15' title='bbox 668 869 916 951; x_wconf 79' lang='grc' dir='ltr'><strong><em>γραμματιστοῦ</em></strong></span> <span class='ocrx_word' id='word_1_16' title='bbox 927 865 1101 946; x_wconf 78' lang='grc' dir='ltr'><strong><em>εἰσῆλθον,</em></strong></span> <span class='ocrx_word' id='word_1_17' title='bbox 1119 861 1172 927; x_wconf 83' lang='grc' dir='ltr'><strong><em>καὶ</em></strong></span> 
     </span>
     <span class='ocr_line' id='line_1_5' title="bbox 171 948 1174 1042; baseline 0.008 -25"><span class='ocrx_word' id='word_1_18' title='bbox 171 948 262 1018; x_wconf 87' lang='grc' dir='ltr'><strong><em>είδον</em></strong></span> <span class='ocrx_word' id='word_1_19' title='bbox 273 951 395 1023; x_wconf 77' lang='grc' dir='ltr'><strong><em>αὐτόθι</em></strong></span> <span class='ocrx_word' id='word_1_20' title='bbox 406 965 473 1025; x_wconf 77' lang='grc' dir='ltr'><strong><em>τῶν</em></strong></span> <span class='ocrx_word' id='word_1_21' title='bbox 490 983 524 1025; x_wconf 91' lang='grc' dir='ltr'><strong><em>τε</em></strong></span> <span class='ocrx_word' id='word_1_22' title='bbox 537 961 624 1026; x_wconf 82' lang='grc' dir='ltr'><strong><em>νέων</em></strong></span> <span class='ocrx_word' id='word_1_23' title='bbox 635 961 712 1042; x_wconf 86' lang='grc' dir='ltr'><strong><em>τοῦς</em></strong></span> <span class='ocrx_word' id='word_1_24' title='bbox 723 961 982 1039; x_wconf 72' lang='grc' dir='ltr'><strong><em>ἐπιεικεστάτους</em></strong></span> <span class='ocrx_word' id='word_1_25' title='bbox 993 963 1174 1039; x_wconf 77' lang='grc' dir='ltr'><strong><em>δοκοῦντας</em></strong></span> 
     </span>
     <span class='ocr_line' id='line_1_6' title="bbox 170 1047 1173 1148; baseline 0.009 -34"><span class='ocrx_word' id='word_1_26' title='bbox 170 1047 328 1136; x_wconf 71' lang='grc' dir='ltr'><strong><em>εἶναιτὴν</em></strong></span> <span class='ocrx_word' id='word_1_27' title='bbox 346 1056 438 1121; x_wconf 84' lang='grc' dir='ltr'><strong><em>ἐδέαν</em></strong></span> <span class='ocrx_word' id='word_1_28' title='bbox 448 1057 500 1123; x_wconf 77' lang='grc' dir='ltr'><strong><em>καί</em></strong></span> <span class='ocrx_word' id='word_1_29' title='bbox 513 1061 665 1145; x_wconf 87' lang='grc' dir='ltr'><strong><em>πατέρων</em></strong></span> <span class='ocrx_word' id='word_1_30' title='bbox 677 1058 862 1148; x_wconf 82' lang='grc' dir='ltr'><strong><em>εὐδοκίμων</em></strong></span> <span class='ocrx_word' id='word_1_31' title='bbox 870 1110 880 1144; x_wconf 91' lang='grc'><strong><em>,</em></strong></span> <span class='ocrx_word' id='word_1_32' title='bbox 893 1060 948 1129; x_wconf 81' lang='grc' dir='ltr'><strong><em>καὶ</em></strong></span> <span class='ocrx_word' id='word_1_33' title='bbox 959 1055 1088 1125; x_wconf 84' lang='grc' dir='ltr'><strong><em>τούτων</em></strong></span> <span class='ocrx_word' id='word_1_34' title='bbox 1098 1058 1173 1140; x_wconf 88' lang='grc' dir='ltr'><strong><em>ἐρα-</em></strong></span> 
     </span>
     <span class='ocr_line' id='line_1_7' title="bbox 41 1149 1172 1247; baseline 0.009 -35"><span class='ocrx_word' id='word_1_35' title='bbox 41 1184 56 1213; x_wconf 73' lang='grc' dir='ltr'><strong><em>ι</em></strong></span> <span class='ocrx_word' id='word_1_36' title='bbox 169 1149 256 1228; x_wconf 87' lang='grc' dir='ltr'><strong><em>στάς.</em></strong></span> <span class='ocrx_word' id='word_1_37' title='bbox 280 1154 497 1241; x_wconf 80' lang='grc' dir='ltr'><strong><em>ἐτυγχανέτην</em></strong></span> <span class='ocrx_word' id='word_1_38' title='bbox 515 1149 578 1224; x_wconf 83' lang='grc' dir='ltr'><strong><em>οῦν</em></strong></span> <span class='ocrx_word' id='word_1_39' title='bbox 596 1158 657 1227; x_wconf 92' lang='grc' dir='ltr'><strong><em>δύο</em></strong></span> <span class='ocrx_word' id='word_1_40' title='bbox 669 1167 736 1227; x_wconf 73' lang='grc' dir='ltr'><strong><em>τῶν</em></strong></span> <span class='ocrx_word' id='word_1_41' title='bbox 748 1166 927 1247; x_wconf 79' lang='grc' dir='ltr'><strong><em>μειρακίων</em></strong></span> <span class='ocrx_word' id='word_1_42' title='bbox 938 1161 1088 1242; x_wconf 83' lang='grc' dir='ltr'><strong><em>ἐρίζοντε,</em></strong></span> <span class='ocrx_word' id='word_1_43' title='bbox 1099 1156 1172 1238; x_wconf 80' lang='grc' dir='ltr'><strong><em>περὶ</em></strong></span> 
     </span>
     <span class='ocr_line' id='line_1_8' title="bbox 168 1244 1169 1344; baseline 0.005 -29"><span class='ocrx_word' id='word_1_44' title='bbox 168 1244 249 1316; x_wconf 83' lang='grc' dir='ltr'><strong><em>ὅτου</em></strong></span> <span class='ocrx_word' id='word_1_45' title='bbox 260 1252 306 1337; x_wconf 86' lang='grc' dir='ltr'><strong><em>δέ,</em></strong></span> <span class='ocrx_word' id='word_1_46' title='bbox 320 1250 362 1320; x_wconf 87' lang='grc' dir='ltr'><strong><em>ού</em></strong></span> <span class='ocrx_word' id='word_1_47' title='bbox 374 1253 506 1339; x_wconf 90' lang='grc' dir='ltr'><strong><em>σφόδρα</em></strong></span> <span class='ocrx_word' id='word_1_48' title='bbox 517 1255 718 1344; x_wconf 79' lang='grc' dir='ltr'><strong><em>κατήκουον·</em></strong></span> <span class='ocrx_word' id='word_1_49' title='bbox 730 1260 935 1343; x_wconf 83' lang='grc' dir='ltr'><strong><em>ἐφαινέσθην</em></strong></span> <span class='ocrx_word' id='word_1_50' title='bbox 944 1250 1087 1342; x_wconf 82' lang='grc' dir='ltr'><strong><em>με’ντοιιήΙ</em></strong></span> <span class='ocrx_word' id='word_1_51' title='bbox 1098 1258 1169 1337; x_wconf 79' lang='grc' dir='ltr'><strong><em>περὶ</em></strong></span> 
     </span>
     <span class='ocr_line' id='line_1_9' title="bbox 164 1344 1172 1440; baseline -0.014 -11"><span class='ocrx_word' id='word_1_52' title='bbox 164 1344 386 1438; x_wconf 65' lang='grc' dir='ltr'><strong><em>Ἀναξαγόραν</em></strong></span> <span class='ocrx_word' id='word_1_53' title='bbox 412 1346 435 1438; x_wconf 77' lang='grc' dir='ltr'><em>ἢ</em></span> <span class='ocrx_word' id='word_1_54' title='bbox 456 1356 530 1439; x_wconf 86' lang='grc' dir='ltr'><strong><em>περὶ</em></strong></span> <span class='ocrx_word' id='word_1_55' title='bbox 554 1359 737 1425; x_wconf 89' lang='grc' dir='ltr'><strong><em>Οίνοπίδου</em></strong></span> <span class='ocrx_word' id='word_1_56' title='bbox 763 1358 892 1440; x_wconf 78' lang='grc' dir='ltr'><strong><em>ἐρίζειν·</em></strong></span> <span class='ocrx_word' id='word_1_57' title='bbox 922 1352 1068 1429; x_wconf 78' lang='grc' dir='ltr'><strong><em>κύκλους</em></strong></span> <span class='ocrx_word' id='word_1_58' title='bbox 1088 1358 1172 1435; x_wconf 76' lang='grc' dir='ltr'><strong><em>γοῦν</em></strong></span> 
     </span>
     <span class='ocr_line' id='line_1_10' title="bbox 130 1447 1173 1540; baseline 0.003 -28"><span class='ocrx_word' id='word_1_59' title='bbox 130 1463 150 1513; x_wconf 73' lang='grc' dir='ltr'><em>Β</em></span> <span class='ocrx_word' id='word_1_60' title='bbox 166 1447 351 1534; x_wconf 79' lang='grc' dir='ltr'><strong><em>γράφοντες</em></strong></span> <span class='ocrx_word' id='word_1_61' title='bbox 363 1455 567 1540; x_wconf 84' lang='grc' dir='ltr'><strong><em>ἐφαινέσθην</em></strong></span> <span class='ocrx_word' id='word_1_62' title='bbox 581 1455 634 1521; x_wconf 87' lang='grc' dir='ltr'><strong><em>καί</em></strong></span> <span class='ocrx_word' id='word_1_63' title='bbox 646 1456 803 1539; x_wconf 78' lang='grc' dir='ltr'><strong><em>ἐγκλίσεις</em></strong></span> <span class='ocrx_word' id='word_1_64' title='bbox 814 1449 904 1531; x_wconf 84' lang='grc' dir='ltr'><strong><em>τινάς</em></strong></span> <span class='ocrx_word' id='word_1_65' title='bbox 916 1454 1091 1537; x_wconf 82' lang='grc' dir='ltr'><strong><em>ἐμιμοῦντο</em></strong></span> <span class='ocrx_word' id='word_1_66' title='bbox 1104 1462 1173 1517; x_wconf 80' lang='grc' dir='ltr'><strong><em>τοῖν</em></strong></span> 
     </span>
     <span class='ocr_line' id='line_1_11' title="bbox 164 1548 1171 1639; baseline 0.001 -26"><span class='ocrx_word' id='word_1_67' title='bbox 164 1559 276 1631; x_wconf 86' lang='grc' dir='ltr'><strong><em>χεροίν</em></strong></span> <span class='ocrx_word' id='word_1_68' title='bbox 287 1551 489 1618; x_wconf 84' lang='grc' dir='ltr'><strong><em>ἐπικλίνοντε</em></strong></span> <span class='ocrx_word' id='word_1_69' title='bbox 500 1554 555 1620; x_wconf 86' lang='grc' dir='ltr'><strong><em>καί</em></strong></span> <span class='ocrx_word' id='word_1_70' title='bbox 572 1550 649 1639; x_wconf 85' lang='grc' dir='ltr'><strong><em>μάλ’</em></strong></span> <span class='ocrx_word' id='word_1_71' title='bbox 663 1552 895 1620; x_wconf 77' lang='grc' dir='ltr'><strong><em>ἐσπουδακότι.</em></strong></span> <span class='ocrx_word' id='word_1_72' title='bbox 906 1548 999 1635; x_wconf 72' lang='grc' dir='ltr'><strong><em>κύματ’</em></strong></span> <span class='ocrx_word' id='word_1_73' title='bbox 1011 1589 1052 1599; x_wconf 88' lang='lat'><strong><em>-—</em></strong></span> <span class='ocrx_word' id='word_1_74' title='bbox 1063 1549 1171 1634; x_wconf 78' lang='grc' dir='ltr'><strong><em>καθη-</em></strong></span> 
     </span>
     <span class='ocr_line' id='line_1_12' title="bbox 166 1643 1172 1737; baseline 0 -26"><span class='ocrx_word' id='word_1_75' title='bbox 166 1671 232 1730; x_wconf 91' lang='grc' dir='ltr'><strong><em>μην</em></strong></span> <span class='ocrx_word' id='word_1_76' title='bbox 241 1643 305 1731; x_wconf 79' lang='grc' dir='ltr'><strong><em>γάρ</em></strong></span> <span class='ocrx_word' id='word_1_77' title='bbox 317 1647 406 1733; x_wconf 83' lang='grc' dir='ltr'><strong><em>παρά</em></strong></span> <span class='ocrx_word' id='word_1_78' title='bbox 424 1646 484 1716; x_wconf 86' lang='grc' dir='ltr'><strong><em>τόν</em></strong></span> <span class='ocrx_word' id='word_1_79' title='bbox 502 1649 644 1737; x_wconf 79' lang='grc' dir='ltr'><strong><em>ἐραστὴν</em></strong></span> <span class='ocrx_word' id='word_1_80' title='bbox 663 1658 723 1718; x_wconf 91' lang='grc' dir='ltr'><strong><em>τοῦ</em></strong></span> <span class='ocrx_word' id='word_1_81' title='bbox 735 1652 848 1733; x_wconf 81' lang='grc' dir='ltr'><strong><em>ἑτέρου</em></strong></span> <span class='ocrx_word' id='word_1_82' title='bbox 860 1647 974 1716; x_wconf 80' lang='grc' dir='ltr'><strong><em>αύτοῖν</em></strong></span> <span class='ocrx_word' id='word_1_83' title='bbox 985 1689 1026 1698; x_wconf 88' lang='lat'>-</span> <span class='ocrx_word' id='word_1_84' title='bbox 1036 1644 1172 1731; x_wconf 84' lang='grc' dir='ltr'><strong><em>κινήσας</em></strong></span> 
     </span>
     <span class='ocr_line' id='line_1_13' title="bbox 171 1736 1173 1837; baseline 0 -26"><span class='ocrx_word' id='word_1_85' title='bbox 171 1736 235 1811; x_wconf 83' lang='grc' dir='ltr'><strong><em>οῦν</em></strong></span> <span class='ocrx_word' id='word_1_86' title='bbox 246 1741 350 1812; x_wconf 84' lang='grc' dir='ltr'><strong><em>αὐτόν</em></strong></span> <span class='ocrx_word' id='word_1_87' title='bbox 360 1754 408 1837; x_wconf 76' lang='grc' dir='ltr'><strong><em>τῷ</em></strong></span> <span class='ocrx_word' id='word_1_88' title='bbox 418 1743 545 1832; x_wconf 79' lang='grc' dir='ltr'><strong><em>άηκῦνι</em></strong></span> <span class='ocrx_word' id='word_1_89' title='bbox 556 1747 702 1836; x_wconf 79' lang='grc' dir='ltr'><strong><em>ἠρόμην,</em></strong></span> <span class='ocrx_word' id='word_1_90' title='bbox 727 1745 791 1816; x_wconf 85' lang='grc' dir='ltr'><strong><em>ότί</em></strong></span> <span class='ocrx_word' id='word_1_91' title='bbox 798 1744 879 1815; x_wconf 90' lang='grc' dir='ltr'><strong><em>ποθ’</em></strong></span> <span class='ocrx_word' id='word_1_92' title='bbox 893 1744 998 1825; x_wconf 81' lang='grc' dir='ltr'><strong><em>οὕτως</em></strong></span> <span class='ocrx_word' id='word_1_93' title='bbox 1009 1748 1173 1815; x_wconf 86' lang='grc' dir='ltr'><strong><em>ἐσπουδα-</em></strong></span> 
     </span>
     <span class='ocr_line' id='line_1_14' title="bbox 168 1837 1171 1934; baseline 0 -26"><span class='ocrx_word' id='word_1_94' title='bbox 168 1841 243 1909; x_wconf 88' lang='grc' dir='ltr'><strong><em>κότε</em></strong></span> <span class='ocrx_word' id='word_1_95' title='bbox 255 1841 300 1909; x_wconf 77' lang='grc' dir='ltr'><strong><em>τοδ</em></strong></span> <span class='ocrx_word' id='word_1_96' title='bbox 313 1852 469 1930; x_wconf 85' lang='grc' dir='ltr'><strong><em>μειρακίω</em></strong></span> <span class='ocrx_word' id='word_1_97' title='bbox 483 1856 581 1934; x_wconf 86' lang='grc' dir='ltr'><strong><em>είτην,</em></strong></span> <span class='ocrx_word' id='word_1_98' title='bbox 595 1849 649 1915; x_wconf 85' lang='grc' dir='ltr'><strong><em>καὶ</em></strong></span> <span class='ocrx_word' id='word_1_99' title='bbox 661 1844 769 1913; x_wconf 85' lang='grc' dir='ltr'><strong><em>είιιον·</em></strong></span> <span class='ocrx_word' id='word_1_100' title='bbox 785 1837 826 1911; x_wconf 73' lang='lat' dir='ltr'><strong><em>&#39;H</em></strong></span> <span class='ocrx_word' id='word_1_101' title='bbox 835 1869 901 1911; x_wconf 91' lang='grc' dir='ltr'><strong><em>που</em></strong></span> <span class='ocrx_word' id='word_1_102' title='bbox 911 1845 995 1930; x_wconf 77' lang='grc' dir='ltr'><strong><em>μέγα</em></strong></span> <span class='ocrx_word' id='word_1_103' title='bbox 1006 1869 1037 1910; x_wconf 90' lang='grc' dir='ltr'><strong><em>τι</em></strong></span> <span class='ocrx_word' id='word_1_104' title='bbox 1048 1844 1102 1910; x_wconf 84' lang='grc' dir='ltr'><strong><em>ιιαλ</em></strong></span> <span class='ocrx_word' id='word_1_105' title='bbox 1114 1869 1171 1909; x_wconf 85' lang='grc' dir='ltr'><strong><em>κα-</em></strong></span> 
     </span>
     <span class='ocr_line' id='line_1_15' title="bbox 169 1939 1170 2033; baseline -0.002 -26"><span class='ocrx_word' id='word_1_106' title='bbox 169 1942 230 2008; x_wconf 84' lang='grc' dir='ltr'><strong><em>λόν</em></strong></span> <span class='ocrx_word' id='word_1_107' title='bbox 241 1941 317 2027; x_wconf 82' lang='grc' dir='ltr'><strong><em>ἐστι,</em></strong></span> <span class='ocrx_word' id='word_1_108' title='bbox 331 1943 404 2027; x_wconf 82' lang='grc' dir='ltr'><strong><em>περί</em></strong></span> <span class='ocrx_word' id='word_1_109' title='bbox 415 1940 494 2012; x_wconf 78' lang='grc' dir='ltr'><strong><em>διον</em></strong></span> <span class='ocrx_word' id='word_1_110' title='bbox 505 1947 668 2033; x_wconf 84' lang='grc' dir='ltr'><strong><em>τοσαύτην</em></strong></span> <span class='ocrx_word' id='word_1_111' title='bbox 680 1942 830 2031; x_wconf 77' lang='grc' dir='ltr'><strong><em>σπονδὴν</em></strong></span> <span class='ocrx_word' id='word_1_112' title='bbox 841 1943 1049 2027; x_wconf 87' lang='grc' dir='ltr'><strong><em>πεποιημένω</em></strong></span> <span class='ocrx_word' id='word_1_113' title='bbox 1060 1939 1170 2016; x_wconf 87' lang='grc' dir='ltr'><strong><em>ἐστόν;</em></strong></span> 
     </span>
     <span class='ocr_line' id='line_1_16' title="bbox 167 2032 1170 2130; baseline -0.005 -23"><span class='ocrx_word' id='word_1_114' title='bbox 167 2032 327 2128; x_wconf 62' lang='grc' dir='ltr'><strong><em>όδ”εί’πε,</em></strong></span> <span class='ocrx_word' id='word_1_115' title='bbox 345 2047 466 2123; x_wconf 79' lang='grc' dir='ltr'><strong><em>Ποίαν,</em></strong></span> <span class='ocrx_word' id='word_1_116' title='bbox 485 2050 565 2130; x_wconf 81' lang='grc' dir='ltr'><strong><em>ἔφη,</em></strong></span> <span class='ocrx_word' id='word_1_117' title='bbox 583 2049 666 2130; x_wconf 88' lang='grc' dir='ltr'><strong><em>μεήα</em></strong></span> <span class='ocrx_word' id='word_1_118' title='bbox 682 2042 863 2119; x_wconf 84' lang='grc' dir='ltr'><strong><em>καλκαλόν;</em></strong></span> <span class='ocrx_word' id='word_1_119' title='bbox 885 2038 1100 2124; x_wconf 86' lang='grc' dir='ltr'><strong><em>άδολεσχοῦσι</em></strong></span> <span class='ocrx_word' id='word_1_120' title='bbox 1112 2036 1170 2124; x_wconf 77' lang='grc' dir='ltr'><strong><em>μὲν</em></strong></span> 
     </span>
     <span class='ocr_line' id='line_1_17' title="bbox 167 2130 1170 2228; baseline -0.004 -22"><span class='ocrx_word' id='word_1_121' title='bbox 167 2130 229 2206; x_wconf 85' lang='grc' dir='ltr'><strong><em>ούν</em></strong></span> <span class='ocrx_word' id='word_1_122' title='bbox 250 2131 344 2209; x_wconf 86' lang='grc' dir='ltr'><strong><em>οῦτοι</em></strong></span> <span class='ocrx_word' id='word_1_123' title='bbox 364 2143 438 2226; x_wconf 84' lang='grc' dir='ltr'><strong><em>περὶ</em></strong></span> <span class='ocrx_word' id='word_1_124' title='bbox 458 2148 526 2208; x_wconf 82' lang='grc' dir='ltr'><strong><em>νῦν</em></strong></span> <span class='ocrx_word' id='word_1_125' title='bbox 548 2141 722 2228; x_wconf 73' lang='grc' dir='ltr'><strong><em>μετεώρων</em></strong></span> <span class='ocrx_word' id='word_1_126' title='bbox 744 2142 799 2208; x_wconf 85' lang='grc' dir='ltr'><strong><em>καί</em></strong></span> <span class='ocrx_word' id='word_1_127' title='bbox 821 2145 1010 2225; x_wconf 79' lang='grc' dir='ltr'><strong><em>φλυαροῦσι</em></strong></span> <span class='ocrx_word' id='word_1_128' title='bbox 1034 2144 1170 2222; x_wconf 88' lang='grc' dir='ltr'><strong><em>φιλοσο-</em></strong></span> 
     </span>
     <span class='ocr_line' id='line_1_18' title="bbox 129 2232 1170 2326; baseline -0.005 -22"><span class='ocrx_word' id='word_1_129' title='bbox 129 2254 149 2305; x_wconf 83' lang='lat' dir='ltr'><strong>c</strong></span> <span class='ocrx_word' id='word_1_130' title='bbox 168 2246 318 2322; x_wconf 86' lang='grc' dir='ltr'><strong><em>φοῦντες.</em></strong></span> <span class='ocrx_word' id='word_1_131' title='bbox 344 2241 398 2307; x_wconf 85' lang='grc' dir='ltr'><strong><em>καί</em></strong></span> <span class='ocrx_word' id='word_1_132' title='bbox 415 2236 478 2325; x_wconf 76' lang='grc' dir='ltr'><strong><em>ἐγώ</em></strong></span> <span class='ocrx_word' id='word_1_133' title='bbox 496 2241 674 2326; x_wconf 75' lang='grc' dir='ltr'><strong><em>θαυμάσας</em></strong></span> <span class='ocrx_word' id='word_1_134' title='bbox 687 2239 791 2307; x_wconf 85' lang='grc' dir='ltr'><strong><em>αύτοῦ</em></strong></span> <span class='ocrx_word' id='word_1_135' title='bbox 803 2235 864 2325; x_wconf 74' lang='grc' dir='ltr'><strong><em>τὴν</em></strong></span> <span class='ocrx_word' id='word_1_136' title='bbox 876 2234 1051 2320; x_wconf 86' lang='grc' dir='ltr'><strong><em>άπόκρισιν</em></strong></span> <span class='ocrx_word' id='word_1_137' title='bbox 1063 2232 1170 2301; x_wconf 84' lang='grc' dir='ltr'><strong><em>είπον·</em></strong></span> 
     </span>
     <span class='ocr_line' id='line_1_19' title="bbox 162 2328 1171 2424; baseline -0.006 -20"><span class='ocrx_word' id='word_1_138' title='bbox 162 2328 200 2404; x_wconf 70' lang='grc' dir='ltr'><em>Ὠ</em></span> <span class='ocrx_word' id='word_1_139' title='bbox 212 2341 337 2422; x_wconf 91' lang='grc' dir='ltr'><strong><em>νεανία,</em></strong></span> <span class='ocrx_word' id='word_1_140' title='bbox 350 2339 485 2424; x_wconf 88' lang='grc' dir='ltr'><strong><em>αίσχρόν</em></strong></span> <span class='ocrx_word' id='word_1_141' title='bbox 498 2341 652 2407; x_wconf 83' lang='grc' dir='ltr'><strong><em>δανείσοι</em></strong></span> <span class='ocrx_word' id='word_1_142' title='bbox 665 2334 748 2404; x_wconf 78' lang='grc' dir='ltr'><strong><em>εἶναι</em></strong></span> <span class='ocrx_word' id='word_1_143' title='bbox 759 2335 796 2403; x_wconf 88' lang='grc' dir='ltr'><strong>τό</strong></span> <span class='ocrx_word' id='word_1_144' title='bbox 810 2343 1021 2422; x_wconf 79' lang='grc' dir='ltr'><strong><em>φιλοσοφείν;</em></strong></span> <span class='ocrx_word' id='word_1_145' title='bbox 1039 2328 1060 2419; x_wconf 79' lang='grc' dir='ltr'><strong><em>ἦ</em></strong></span> <span class='ocrx_word' id='word_1_146' title='bbox 1071 2339 1107 2400; x_wconf 89' lang='grc' dir='ltr'><strong><em>τί</em></strong></span> <span class='ocrx_word' id='word_1_147' title='bbox 1113 2329 1171 2398; x_wconf 86' lang='grc' dir='ltr'><strong><em>οῦ-</em></strong></span> 
     </span>
     <span class='ocr_line' id='line_1_20' title="bbox 167 2428 1171 2522; baseline -0.007 -18"><span class='ocrx_word' id='word_1_148' title='bbox 167 2461 230 2514; x_wconf 85' lang='grc' dir='ltr'><strong><em>τως</em></strong></span> <span class='ocrx_word' id='word_1_149' title='bbox 246 2435 393 2521; x_wconf 77' lang='grc' dir='ltr'><strong><em>χαλεπῶς</em></strong></span> <span class='ocrx_word' id='word_1_150' title='bbox 410 2440 529 2521; x_wconf 85' lang='grc' dir='ltr'><strong><em>λε’γεις;</em></strong></span> <span class='ocrx_word' id='word_1_151' title='bbox 551 2440 605 2504; x_wconf 81' lang='grc' dir='ltr'><strong><em>καί</em></strong></span> <span class='ocrx_word' id='word_1_152' title='bbox 622 2433 639 2504; x_wconf 86' lang='grc' dir='ltr'><strong>ὁ</strong></span> <span class='ocrx_word' id='word_1_153' title='bbox 658 2437 767 2522; x_wconf 77' lang='grc' dir='ltr'><strong><em>ἕτερος</em></strong></span> <span class='ocrx_word' id='word_1_154' title='bbox 780 2475 820 2485; x_wconf 89' lang='grc'><strong>-</strong></span> <span class='ocrx_word' id='word_1_155' title='bbox 831 2439 971 2518; x_wconf 81' lang='grc' dir='ltr'><strong><em>πλησίον</em></strong></span> <span class='ocrx_word' id='word_1_156' title='bbox 987 2429 1052 2517; x_wconf 81' lang='grc' dir='ltr'><strong><em>γάρ</em></strong></span> <span class='ocrx_word' id='word_1_157' title='bbox 1064 2428 1171 2515; x_wconf 75' lang='grc' dir='ltr'><strong><em>καθύ-</em></strong></span> 
     </span>
     <span class='ocr_line' id='line_1_21' title="bbox 168 2527 1170 2620; baseline -0.008 -19"><span class='ocrx_word' id='word_1_158' title='bbox 168 2559 267 2620; x_wconf 89' lang='grc' dir='ltr'><strong><em>μενος</em></strong></span> <span class='ocrx_word' id='word_1_159' title='bbox 279 2532 456 2620; x_wconf 79' lang='grc' dir='ltr'><strong><em>ἐτύγχανεν</em></strong></span> <span class='ocrx_word' id='word_1_160' title='bbox 468 2535 582 2620; x_wconf 82' lang='grc' dir='ltr'><strong><em>αὐτοῦ,</em></strong></span> <span class='ocrx_word' id='word_1_161' title='bbox 607 2531 808 2620; x_wconf 78' lang='grc' dir='ltr'><strong><em>άντεραστὴς</em></strong></span> <span class='ocrx_word' id='word_1_162' title='bbox 821 2532 869 2599; x_wconf 80' lang='grc' dir='ltr'><strong><em>ῦν</em></strong></span> <span class='ocrx_word' id='word_1_163' title='bbox 880 2571 923 2582; x_wconf 91' lang='grc'>-</span> <span class='ocrx_word' id='word_1_164' title='bbox 934 2527 1081 2608; x_wconf 87' lang='grc' dir='ltr'><strong><em>άκούσας</em></strong></span> <span class='ocrx_word' id='word_1_165' title='bbox 1093 2530 1170 2614; x_wconf 79' lang='grc' dir='ltr'><strong><em>ἐμοῦ</em></strong></span> 
     </span>
     <span class='ocr_line' id='line_1_22' title="bbox 167 2624 1169 2717; baseline -0.007 -18"><span class='ocrx_word' id='word_1_166' title='bbox 167 2659 201 2700; x_wconf 87' lang='grc' dir='ltr'><strong><em>τε</em></strong></span> <span class='ocrx_word' id='word_1_167' title='bbox 218 2633 380 2717; x_wconf 83' lang='grc' dir='ltr'><strong><em>ἐρομένου</em></strong></span> <span class='ocrx_word' id='word_1_168' title='bbox 398 2632 555 2703; x_wconf 85' lang='grc' dir='ltr'><strong><em>κάκείνου</em></strong></span> <span class='ocrx_word' id='word_1_169' title='bbox 574 2630 857 2714; x_wconf 84' lang='grc' dir='ltr'><strong><em>ιἰποιιοινουένου,</em></strong></span> <span class='ocrx_word' id='word_1_170' title='bbox 882 2627 934 2698; x_wconf 89' lang='grc' dir='ltr'><strong><em>Ού</em></strong></span> <span class='ocrx_word' id='word_1_171' title='bbox 946 2624 1031 2712; x_wconf 79' lang='grc' dir='ltr'><strong><em>πρὸς</em></strong></span> <span class='ocrx_word' id='word_1_172' title='bbox 1050 2632 1115 2694; x_wconf 89' lang='grc' dir='ltr'><strong><em>σοῦ</em></strong></span> <span class='ocrx_word' id='word_1_173' title='bbox 1125 2650 1169 2712; x_wconf 77' lang='grc' dir='ltr'><strong><em>με,</em></strong></span> 
     </span>
     <span class='ocr_line' id='line_1_23' title="bbox 167 2723 1191 2819; baseline -0.01 -19"><span class='ocrx_word' id='word_1_174' title='bbox 167 2736 245 2819; x_wconf 84' lang='grc' dir='ltr'><strong><em>ἔφη,</em></strong></span> <span class='ocrx_word' id='word_1_175' title='bbox 269 2723 295 2799; x_wconf 70' lang='grc' dir='ltr'><strong><em>ολ</em></strong></span> <span class='ocrx_word' id='word_1_176' title='bbox 317 2732 509 2819; x_wconf 76' lang='grc' dir='ltr'><strong><em>Σώκρατες,</em></strong></span> <span class='ocrx_word' id='word_1_177' title='bbox 532 2746 634 2812; x_wconf 70' lang='grc' dir='ltr'><strong><em>ποιεῖς</em></strong></span> <span class='ocrx_word' id='word_1_178' title='bbox 653 2757 690 2799; x_wconf 87' lang='grc' dir='ltr'><strong><em>το</em></strong></span> <span class='ocrx_word' id='word_1_179' title='bbox 713 2757 767 2799; x_wconf 88' lang='grc' dir='ltr'><strong><em>και</em></strong></span> <span class='ocrx_word' id='word_1_180' title='bbox 789 2731 967 2814; x_wconf 77' lang='grc' dir='ltr'><strong><em>ἀνερέσθαι</em></strong></span> <span class='ocrx_word' id='word_1_181' title='bbox 982 2731 1125 2810; x_wconf 89' lang='grc' dir='ltr'><strong><em>τοῦτον,</em></strong></span> <span class='ocrx_word' id='word_1_182' title='bbox 1146 2726 1191 2792; x_wconf 83' lang='grc' dir='ltr'><strong><em>εί-</em></strong></span> 
     </span>
     <span class='ocr_line' id='line_1_24' title="bbox 168 2819 1171 2918; baseline -0.009 -20"><span class='ocrx_word' id='word_1_183' title='bbox 168 2830 304 2917; x_wconf 85' lang='grc' dir='ltr'><strong><em>αίσχρὸν</em></strong></span> <span class='ocrx_word' id='word_1_184' title='bbox 314 2828 437 2918; x_wconf 77' lang='grc' dir='ltr'><strong><em>ἡγεῖται</em></strong></span> <span class='ocrx_word' id='word_1_185' title='bbox 449 2837 650 2917; x_wconf 90' lang='grc' dir='ltr'><strong><em>φιλοσοφίαν</em></strong></span> <span class='ocrx_word' id='word_1_186' title='bbox 664 2828 757 2898; x_wconf 80' lang='grc' dir='ltr'><strong><em>εἶναι.</em></strong></span> <span class='ocrx_word' id='word_1_187' title='bbox 769 2826 791 2916; x_wconf 77' lang='grc' dir='ltr'><em>ἢ</em></span> <span class='ocrx_word' id='word_1_188' title='bbox 803 2827 864 2897; x_wconf 87' lang='grc' dir='ltr'><strong><em>οὐκ</em></strong></span> <span class='ocrx_word' id='word_1_189' title='bbox 877 2826 1117 2909; x_wconf 85' lang='grc' dir='ltr'><strong><em>οίσθατοῦτον,</em></strong></span> <span class='ocrx_word' id='word_1_190' title='bbox 1126 2819 1171 2890; x_wconf 85' lang='grc' dir='ltr'><strong><em>ὅτι</em></strong></span> 
     </span>
     <span class='ocr_line' id='line_1_25' title="bbox 166 2923 1204 3017; baseline -0.008 -21"><span class='ocrx_word' id='word_1_191' title='bbox 166 2931 435 3017; x_wconf 84' lang='grc' dir='ltr'><strong><em>τραχηλιζόμενος</em></strong></span> <span class='ocrx_word' id='word_1_192' title='bbox 454 2929 508 2997; x_wconf 85' lang='grc' dir='ltr'><strong><em>καί</em></strong></span> <span class='ocrx_word' id='word_1_193' title='bbox 530 2929 772 3014; x_wconf 79' lang='grc' dir='ltr'><strong><em>ἐμπιπλάμενος</em></strong></span> <span class='ocrx_word' id='word_1_194' title='bbox 792 2929 847 2996; x_wconf 86' lang='grc' dir='ltr'><strong><em>καλ</em></strong></span> <span class='ocrx_word' id='word_1_195' title='bbox 868 2925 1048 2994; x_wconf 79' lang='grc' dir='ltr'><strong><em>καθεύδων</em></strong></span> <span class='ocrx_word' id='word_1_196' title='bbox 1065 2923 1170 2990; x_wconf 85' lang='grc' dir='ltr'><strong><em>πάντα</em></strong></span> <span class='ocrx_word' id='word_1_197' title='bbox 1203 2931 1204 2938; x_wconf 76' lang='grc'>’</span> 
     </span>
     <span class='ocr_line' id='line_1_26' title="bbox 167 3021 1199 3116; baseline -0.007 -20"><span class='ocrx_word' id='word_1_198' title='bbox 167 3026 228 3096; x_wconf 85' lang='grc' dir='ltr'><strong><em>τὸν</em></strong></span> <span class='ocrx_word' id='word_1_199' title='bbox 243 3035 318 3116; x_wconf 79' lang='grc' dir='ltr'><strong><em>βίον</em></strong></span> <span class='ocrx_word' id='word_1_200' title='bbox 337 3031 570 3106; x_wconf 85' lang='grc' dir='ltr'><strong><em>διατετέλεκεν;</em></strong></span> <span class='ocrx_word' id='word_1_201' title='bbox 593 3027 677 3096; x_wconf 76' lang='grc' dir='ltr'><strong><em>ὥστε</em></strong></span> <span class='ocrx_word' id='word_1_202' title='bbox 688 3028 730 3094; x_wconf 83' lang='grc' dir='ltr'><strong><em>σύ</em></strong></span> <span class='ocrx_word' id='word_1_203' title='bbox 742 3032 775 3094; x_wconf 90' lang='grc' dir='ltr'><strong><em>τί</em></strong></span> <span class='ocrx_word' id='word_1_204' title='bbox 783 3023 886 3093; x_wconf 88' lang='grc' dir='ltr'><strong><em>αύτδν</em></strong></span> <span class='ocrx_word' id='word_1_205' title='bbox 899 3022 967 3115; x_wconf 71' lang='grc' dir='ltr'><strong><em>ρίου</em></strong></span> <span class='ocrx_word' id='word_1_206' title='bbox 979 3021 1169 3109; x_wconf 77' lang='grc' dir='ltr'><strong><em>άποκρινεῖ-</em></strong></span> <span class='ocrx_word' id='word_1_207' title='bbox 1196 3057 1199 3064; x_wconf 65' lang='lat'>=</span> 
     </span>
     <span class='ocr_line' id='line_1_27' title="bbox 129 3114 1170 3214; baseline -0.005 -20"><span class='ocrx_word' id='word_1_208' title='bbox 129 3146 149 3194; x_wconf 82' lang='grc' dir='ltr'><strong><em>ο</em></strong></span> <span class='ocrx_word' id='word_1_209' title='bbox 170 3136 249 3193; x_wconf 89' lang='grc' dir='ltr'><strong><em>σθαι</em></strong></span> <span class='ocrx_word' id='word_1_210' title='bbox 260 3123 369 3213; x_wconf 71' lang='grc' dir='ltr'><strong><em>ῦλλίἳ</em></strong></span> <span class='ocrx_word' id='word_1_211' title='bbox 385 3124 435 3195; x_wconf 81' lang='grc' dir='ltr'><strong><em>ὅτι</em></strong></span> <span class='ocrx_word' id='word_1_212' title='bbox 446 3127 583 3214; x_wconf 86' lang='grc' dir='ltr'><strong><em>αίσχρόν</em></strong></span> <span class='ocrx_word' id='word_1_213' title='bbox 600 3129 669 3195; x_wconf 82' lang='grc' dir='ltr'><strong><em>ἐστι</em></strong></span> <span class='ocrx_word' id='word_1_214' title='bbox 683 3133 879 3211; x_wconf 75' lang='grc' dir='ltr'><strong><em>φιλοσοφίας</em></strong></span> <span class='ocrx_word' id='word_1_215' title='bbox 899 3117 944 3211; x_wconf 78' lang='grc' dir='ltr'><strong><em>ἦν</em></strong></span> <span class='ocrx_word' id='word_1_216' title='bbox 955 3123 990 3190; x_wconf 82' lang='grc' dir='ltr'><strong><em>δέ</em></strong></span> <span class='ocrx_word' id='word_1_217' title='bbox 1002 3114 1104 3201; x_wconf 81' lang='grc' dir='ltr'><strong><em>οὗτος</em></strong></span> <span class='ocrx_word' id='word_1_218' title='bbox 1117 3120 1170 3209; x_wconf 75' lang='grc' dir='ltr'><strong><em>μὲν</em></strong></span> 
     </span>
     <span class='ocr_line' id='line_1_28' title="bbox 167 3215 1168 3313; baseline -0.007 -20"><span class='ocrx_word' id='word_1_219' title='bbox 167 3239 238 3294; x_wconf 79' lang='grc' dir='ltr'><strong><em>τοῖν</em></strong></span> <span class='ocrx_word' id='word_1_220' title='bbox 250 3228 403 3313; x_wconf 82' lang='grc' dir='ltr'><strong><em>ἐραστατν</em></strong></span> <span class='ocrx_word' id='word_1_221' title='bbox 415 3228 488 3311; x_wconf 80' lang='grc' dir='ltr'><strong><em>περὶ</em></strong></span> <span class='ocrx_word' id='word_1_222' title='bbox 500 3223 662 3311; x_wconf 75' lang='grc' dir='ltr'><strong><em>μουσικὴν</em></strong></span> <span class='ocrx_word' id='word_1_223' title='bbox 674 3224 904 3310; x_wconf 76' lang='grc' dir='ltr'><strong><em>διατετριφώς,</em></strong></span> <span class='ocrx_word' id='word_1_224' title='bbox 917 3219 934 3290; x_wconf 91' lang='grc' dir='ltr'>ὁ</span> <span class='ocrx_word' id='word_1_225' title='bbox 948 3218 978 3289; x_wconf 87' lang='grc' dir='ltr'><strong><em>δ’</em></strong></span> <span class='ocrx_word' id='word_1_226' title='bbox 993 3221 1124 3308; x_wconf 83' lang='grc' dir='ltr'><strong><em>ἕτερος,</em></strong></span> <span class='ocrx_word' id='word_1_227' title='bbox 1135 3215 1168 3286; x_wconf 80' lang='grc' dir='ltr'><strong><em>δν</em></strong></span> 
     </span>
     <span class='ocr_line' id='line_1_29' title="bbox 163 3317 1168 3413; baseline -0.005 -21"><span class='ocrx_word' id='word_1_228' title='bbox 163 3327 334 3413; x_wconf 77' lang='grc' dir='ltr'><strong><em>ἐλοιδόρει,</em></strong></span> <span class='ocrx_word' id='word_1_229' title='bbox 348 3325 422 3410; x_wconf 86' lang='grc' dir='ltr'><strong><em>περί</em></strong></span> <span class='ocrx_word' id='word_1_230' title='bbox 432 3323 668 3412; x_wconf 79' lang='grc' dir='ltr'><strong><em>γυμναστικήν.</em></strong></span> <span class='ocrx_word' id='word_1_231' title='bbox 682 3337 737 3392; x_wconf 84' lang='grc' dir='ltr'><strong><em>καί</em></strong></span> <span class='ocrx_word' id='word_1_232' title='bbox 748 3348 804 3410; x_wconf 91' lang='grc' dir='ltr'><strong><em>μοι</em></strong></span> <span class='ocrx_word' id='word_1_233' title='bbox 815 3325 904 3402; x_wconf 75' lang='grc' dir='ltr'><strong><em>ἔδοξε</em></strong></span> <span class='ocrx_word' id='word_1_234' title='bbox 915 3326 1036 3408; x_wconf 79' lang='grc' dir='ltr'><strong><em>χρῆναι</em></strong></span> <span class='ocrx_word' id='word_1_235' title='bbox 1044 3318 1107 3388; x_wconf 82' lang='grc' dir='ltr'><strong><em>τόν</em></strong></span> <span class='ocrx_word' id='word_1_236' title='bbox 1117 3317 1168 3407; x_wconf 63' lang='grc' dir='ltr'><strong><em>μδ*</em></strong></span> 
     </span>
    </p>
   </div>
   <div class='ocr_carea' id='block_1_4' title="bbox 0 0 1208 3780">
    <p class='ocr_par' dir='ltr' id='par_1_4' title="bbox 0 0 1208 3780">
     <span class='ocr_line' id='line_1_30' title="bbox 0 0 1208 3780; baseline 0 0"><span class='ocrx_word' id='word_1_237' title='bbox 0 0 1208 3780; x_wconf 95' lang='lat' dir='ltr'><strong><em> </em></strong></span> 
     </span>
    </p>
   </div>
  </div>
 </body>
</html>
