2408 3780
61 200 97 256 53
406 192 724 252 ΣΤΜΠΟΣΙΟΝ.
1006 191 1066 258 191

59 346 150 439 ήούς
175 350 235 419 έάν
250 348 315 436 γάρ
332 347 377 437 μή
396 348 768 437 ὁμολογής,·μάρτνρας
779 353 968 440 παρέξομαι.
992 349 1064 422 ἀλλ’

61 445 123 517 ούκ
134 445 293 534 αύλητής;
316 447 404 515 πολύ
418 472 457 532 γε
470 448 742 534 θαυμασιώτερος
759 451 902 518 ἐκείνου·
925 447 942 518 ὁ
956 451 1064 535 μένγε
1083 463 1102 516 c

60 545 105 616 δι’
128 543 283 633 ὀργάνων
301 545 410 633 ἐκήλει
426 543 506 623 τούς
524 540 727 629 ἀνθρώπους
739 554 780 634 τῇ
791 543 856 614 ἀπό
868 554 929 615 τού
942 545 1066 632 στόμα-

59 669 115 725 τος
134 643 289 731 δυνάμει,
312 644 367 712 καὶ
383 647 431 711 ἔτι
447 643 524 710 νυνὶ
541 638 578 721 ὃς
595 638 638 710 ἀν
650 643 690 712 τά
709 647 838 712 ἐκείνου
849 642 943 732 αὐλῇ.
969 641 1065 728 ἀγάρ

50 741 221 829 Ὄλυμπος
237 739 348 828 ηύλει,
371 737 540 825 Μαρσύου
552 745 652 827 λέγω,
669 740 791 810 τούτου
803 740 1003 822 διδάξαντος.
1025 739 1065 807 τὰ

59 832 124 908 ούν
138 844 269 909 ἐκείνου
285 840 343 908 έάν
363 865 398 906 τε
415 835 546 924 ἀγαθός
563 835 707 926 αὐλητής
726 838 811 929 αὐλῇ
825 841 885 908 ἐάν
902 866 936 908 τε
954 839 1064 925 φαύλη

59 936 231 1025 αὐλητρίς,
259 935 345 1023 μόνα
372 939 571 1023 κατέχεσθαι
599 952 685 1005 ποιεῖ
711 941 765 1006 καὶ
787 943 882 1024 δηλοῖ
900 936 979 1018 τούς
999 945 1067 1006 τοῖν

58 1043 153 1105 θεῶν
169 1060 203 1102 τε
221 1036 277 1101 καὶ
291 1040 432 1101 τελετῶν
449 1035 628 1119 δεομένους
645 1033 699 1101 διὰ
716 1035 753 1102 τό
771 1044 848 1102 θεῖα
860 1034 953 1103 εἶναι.
978 1031 1065 1101 οὐδ’

59 1137 191 1202 ἐκείνου
201 1138 363 1200 τοσούτου
374 1130 482 1217 μόνον
493 1135 674 1217 διαφέρεις,
686 1130 737 1200 ότι
749 1131 832 1201 ἄνευ
844 1129 998 1218 ὀργάνων
1009 1144 1067 1212 ψι-

59 1240 129 1308 λοῖς
141 1230 252 1314 λόγοις
269 1225 391 1296 ταύτόν
409 1234 507 1295 τοῦτο
520 1243 631 1308 ποιεῖς.
644 1225 736 1315 ἡμεῖς
746 1239 831 1315 γοῦν
842 1226 924 1297 ὅταν
933 1232 995 1314 μέν
1006 1254 1066 1295 του

59 1328 165 1396 άλλου
183 1324 358 1413 ἀκούωμεν
377 1329 529 1410 λέγοντος
544 1328 599 1394 καὶ
610 1327 700 1394 πάνυ
711 1324 845 1412 ἀγαθοῦ
856 1327 994 1414 ῥήτορος
1005 1323 1065 1392 άλ-
1083 1341 1104 1390 1)

58 1434 138 1504 λους
150 1425 279 1510 λόγους,
293 1420 393 1491 ούδέυ
404 1426 503 1509 μέλει,
517 1421 560 1502 άς
571 1429 648 1503 ἔπος
659 1431 780 1510 εἰπεῖν,
792 1423 919 1491 ούδενί·
935 1424 1067 1490 ἐπειδὰν

59 1522 96 1590 δέ
108 1529 172 1590 σού
183 1547 231 1600 τις
241 1517 385 1607 ἀκούηή
402 1527 470 1588 τῶν
488 1520 678 1605 σῶνλόγων
690 1520 794 1589 άλλου
812 1524 982 1606 λέγοντος,
1003 1515 1068 1586 κάν
1100 1515 1102 1519 ’

58 1620 151 1687 πάνυ
168 1625 298 1704 φαῦλος
315 1611 336 1707 ᾖ
353 1616 506 1703 ὁλέγων,
531 1617 590 1685 ἐάν
601 1643 636 1684 τε
647 1617 733 1703 γυνή
746 1615 855 1705 ἀκούη
866 1618 970 1685 ἐάντε
982 1615 1067 1703 ἀνὴρ

58 1717 165 1785 ε’άντε
182 1716 370 1803 μειράκιον,
394 1718 652 1800 ἐκπεπληγμένοι
669 1715 768 1801 ἐσμὲν
785 1716 840 1783 καὶ
851 1714 1065 1800 κατεχόμεθα.

57 1813 122 1901 ἐγω
146 1822 248 1900 γοῦν,
272 1807 298 1882 τό
320 1813 456 1900 ἀνδρες,
481 1819 511 1881 εἰ
531 1813 574 1900 μή
593 1819 730 1899 ἔμελλον
749 1818 869 1902 κομιδή
887 1813 996 1892 δόξειν
1007 1838 1067 1898 με·

57 1913 177 2000 θύειν,
200 1911 294 1981 εἶπον
309 1910 432 1998 ὀμόσας
444 1907 488 1978 ἀν
499 1909 588 1997 ὑμῖν,
602 1907 654 1979 οἷα
666 1908 711 1997 δή
719 1915 874 1979 πέπονθα
886 1908 982 1990 αὐτός
998 1907 1063 1977 ύπδ

57 2021 127 2080 τῶν
149 2014 271 2080 τούτου
292 2012 401 2097 λόγων
425 2011 479 2078 καὶ
499 2009 614 2095 πάσχω
636 2015 682 2076 ἔτι
704 2010 758 2077 καὶ
785 2016 872 2076 νυνί.
900 2007 1065 2092 ὅτανγὰρ

58 2109 191 2196 ἀκούω,
213 2110 300 2177 πολύ
321 2136 377 2195 μοι
392 2117 518 2195 μᾶλλον
541 2103 646 2194 ήτῶν
666 2107 966 2195 κορυβαντιάντων
986 2105 1009 2192 ή
1030 2131 1065 2174 τε
1083 2125 1103 2174 Ε

58 2212 178 2291 καρδία
200 2211 291 2296 πηδᾷ
311 2208 366 2274 καλ
384 2206 513 2291 δάκρυα
531 2210 668 2291 ἐκχεῖται
685 2202 750 2272 ύπδ
778 2213 847 2273 τῶν
867 2204 978 2290 λόγων
998 2211 1066 2270 των

57 2305 189 2373 τούτου.
213 2302 282 2390 ὁροῐ
294 2305 330 2372 δέ
347 2306 403 2373 καλ
415 2304 537 2384 ἀλλους
548 2305 763 2390 παμπόλλους
774 2301 814 2371 τά
825 2299 909 2370 αύτά
921 2299 1066 2385 πάσχον-

57 2430 123 2482 τας.
168 2406 370 2488 Περικλέους
381 2403 417 2471 δὲ
428 2401 562 2471 ἀκούων
573 2404 628 2470 καλ
640 2400 752 2469 ἀλλων
763 2399 903 2485 ἀγαθοῖν
915 2398 1066 2485 ῥητόρων

57 2494 99 2572 εὖ
110 2501 171 2589 μὲν
181 2498 333 2588 ἡγούμην
344 2503 468 2587 λέγειν,
491 2507 642 2568 τοιοῦτον
655 2495 686 2565 δ’
701 2496 801 2566 οὐδὲν
812 2501 969 2582 ἔπασχον,
988 2494 1066 2563 οὐδὲ

57 2597 267 2687 τεθορύβητό
285 2595 388 2685 μονή
407 2597 495 2686 ψυχή
515 2595 588 2667 οὐδ’
601 2593 779 2683 ἠγανάκτει
792 2591 1066 2682 ὦςάνδραποδω-

58 2703 124 2776 δως
147 2700 370 2783 διακειμένου·
393 2694 465 2764 ἀλλ’
485 2694 551 2765 ύπό
571 2699 709 2764 τοντουῒ
722 2699 784 2763 τοῦ
795 2693 966 2777 Μαρσύου
983 2701 1067 2761 πολ-

56 2794 152 2874 λάκις
167 2792 207 2881 δή
226 2793 315 2862 οὕτω
334 2798 502 2881 διετέθην,
527 2793 609 2862 ὥστε
621 2819 677 2880 μοι
690 2791 783 2873 δόξαι
792 2789 837 2879 μή
849 2791 972 2879 βιωτὸν
983 2789 1067 2860 εἶναι
1084 2795 1136 2853 216

56 2899 165 2980 ἔχοντι
183 2891 227 2972 ιός
240 2899 311 2980 ἔγω.
334 2895 389 2963 καὶ
407 2900 527 2979 ταῦτα,
550 2892 738 2980 Σώκρατες,
762 2888 826 2960 ούκ
843 2895 926 2979 ἐρεῖς
941 2888 986 2969 ὥς
1003 2887 1065 2958 οὐκ

56 2991 179 3079 ἀληθῆ.
192 2994 247 3060 καὶ
256 2997 302 3060 έτι
309 3019 348 3077 γε
357 3000 423 3061 νύν
435 2988 556 3074 ξύνοιδ’
568 2994 709 3080 ἐμαυτῷ,
723 2989 813 3059 ὅτιεδ
820 2993 968 3076 έθέλοιμι
979 3012 1067 3072 παρ-

55 3095 144 3177 έχειν
161 3087 201 3157 τόι
217 3082 301 3177 ὦτα,
324 3089 387 3161 οὐκ
407 3087 451 3160 ἀν
466 3090 719 3179 καρτερήσαιμι,
737 3085 819 3157 ἀλλὰ
831 3085 934 3156 ταύτὰ
947 3082 989 3154 ἀν
1000 3086 1066 3152 πά-

55 3209 175 3275 σχοιμι.
198 3185 375 3274 ἀναγκάζει
393 3189 459 3275 γάρ
478 3214 519 3274 με
541 3184 725 3275 ὁμολογεῖν,
743 3183 794 3254 ὅτι
809 3192 937 3254 πολλοῦ
952 3181 1066 3270 ἐνδεής
1183 3222 1186 3227 -

56 3283 219 3366 ιδναύτός
230 3293 276 3356 ἔτι
287 3289 432 3374 ἐμαυτοῦ
443 3284 643 3374 μὲνάμελῶ,
661 3281 701 3353 τὰ
713 3281 745 3353 δ’
761 3283 947 3373 Ἀθηναίων
959 3281 1066 3366 πράτ-
1170 3286 1191 3311 ”

54 3411 112 3455 τω.
135 3391 192 3478 βίη
210 3377 275 3454 οὖν
286 3383 405 3476 ὥσπερ
422 3381 487 3454 ἀπό
507 3392 575 3453 ταῖν
590 3383 766 3472 Σειρήνων
787 3380 1004 3471 ἐπισχόμενος
1022 3378 1067 3446 τὰ
1119 3382 1122 3387 '
