2408 3780
62 232 110 286 121
449 220 676 279 ΦΑΙΔΡΟΣ.
1001 217 1064 279 259

57 481 95 550 δὲ
109 486 162 549 δεῖ
173 480 331 567 γράφειν,
356 485 386 548 εἰ
394 486 504 567 μέλλει
522 486 677 564 τεχνικοῖς
688 483 774 564 ἔχειν
783 474 865 545 καθ’
878 475 960 545 ὅσον
971 478 1065 545 ένδέ-
1163 491 1166 495 “

58 583 408 668 χεται,λε’γεινέθέλιο.
1017 617 1019 621 ’

143 685 232 747 ΦΑΙ.
266 682 350 765 Λέγε
361 679 433 765 δή.-

141 785 217 847 LVI.
244 784 318 846 ΣΩ.
335 773 462 862 Ἐπειδὴ
475 774 579 862 λόγον
590 772 731 860 δύναμις
741 774 896 860 τυγχάνει
906 786 1064 859 ψυχαγω-

56 882 111 960 γία
123 869 217 962 οὖσα,
228 876 289 945 τόν
303 881 464 964 μέλλοντα
474 871 650 962 ῥητορικόν
660 878 795 964 ἔσεσθαι
806 869 934 959 ἀνάγκη
943 874 1064 939 εἰδέναι
1080 889 1102 939 1)

56 975 145 1062 ψνχη
157 975 220 1044 ὅσα
232 980 302 1062 ελδη
315 981 388 1061 ἔχει.
413 979 502 1041 ἔστιν
513 965 577 1040 οὖν
586 970 667 1040 τόσα
676 973 733 1039 καὶ
742 969 841 1056 τόσα,
860 970 916 1039 καὶ
926 983 998 1039 τοῖα
1009 973 1064 1039 καλ

55 1085 144 1139 τοῖα·
171 1072 255 1141 ὅθεν
266 1077 301 1140 ολ
308 1072 370 1159 μέν
380 1087 479 1156 τοῖοι,
503 1075 536 1140 οἱ
545 1071 581 1140 δὲ
592 1085 674 1140 τοῖοι
683 1078 869 1158 γίγνονται·
884 1069 1014 1139 τούτων
1027 1073 1063 1140 δὲ

57 1171 98 1257 δη
122 1175 346 1260 διῃρημένων,
375 1172 485 1257 λόγων
508 1162 552 1238 αὖ
573 1169 654 1238 τόσα
681 1172 737 1238 καὶ
763 1169 846 1239 τόσα
869 1175 958 1238 ἔστιν
980 1176 1061 1257 εἴδη,

56 1269 224 1338 τοιόνδε”
206 1291 355 1339 εκαστον.
373 1275 407 1338 ολ
422 1262 536 1357 μέν
495 1295 558 1337 ονν
569 1266 718 1338 τοιοίδε
702 1265 766 1369 υπὸ
779 1276 846 1337 τῶν
855 1274 992 1338 τοιάνδε
1003 1270 1063 1337 λό

56 1395 128 1455 γων
140 1367 194 1437 διά
206 1370 305 1456 τήνδε
322 1368 384 1457 την
401 1374 557 1437 αἰτίαν
526 1394 572 1447 ε
587 1395 628 1436 τα
617 1349 756 1438 τοιάδε
774 1365 994 1452 εὐπενθεῑς,ο
977 1373 1011 1435 οἱ
1026 1368 1062 1436 δε

57 1493 126 1535 τοιο
128 1473 178 1536 ίδε
128 1467 253 1535 ίδιά
269 1468 347 1535 τάδε
367 1473 571 1545 δνσπενθιλς·
594 1472 648 1536 δεῖ
662 1467 702 1554 δὴ
720 1493 822 1535 ταντα
841 1471 963 1546 ἱκανάς
980 1492 1061 1551 νοη-

56 1580 177 1652 σαντα,
195 1565 275 1652 μετά
286 1574 390 1634 ταῦτα
400 1567 577 1652 θεώμενον
589 1564 673 1633 αάτα
662 1564 722 1633 ἐν
732 1580 801 1644 ταῖς
811 1564 1001 1650 πράξεσιν”
981 1592 1062 1633 οντα

57 1664 158 1730 τεκαὶ
174 1664 399 1750 πραττόμενα,
423 1661 523 1744 ὀξέως
537 1671 578 1752 τῇ
596 1691 616 1731 α
618 1665 776 1786 δσθησει
761 1665 930 1733 δύνασθαι
940 1667 1061 1731 ἐπακο-
1078 1685 1100 1734 Ε

59 1757 240 1847 λουθειν,
218 1789 238 1847 η
257 1766 338 1884 μηδὲ
338 1789 359 1830 ν
323 1761 462 1830 ὲίελνα
448 1769 521 1830 ίποι
533 1760 687 1830 πλέον’
647 1771 736 1852 αυτῷ
748 1754 797 1831 οἷν
808 1764 881 1833 τότε
891 1762 994 1850 ἤκουε
1005 1763 1063 1831 λό-

59 1887 128 1958 γων
146 1860 309 1941 ξννάνἻ
289 1888 371 1929 οταν
388 1861 425 1929 δὲ
436 1868 540 1930 εἰπεῖν
557 1886 591 1928 τε
603 1865 724 1941 ίκανοτς
734 1866 831 1949 ἔχη,
828 1857 969 1942 λος
906 1888 956 1948 νφ
982 1866 1064 1930 οἵων

58 1954 207 2028 πεάθεται
214 1960 535 2047 ,παραγιγνόμενόν
550 1985 586 2027 τε
602 1954 777 2049 δννατόςῇ
789 1961 1064 2048 διαισθανόμενος

58 2062 166 2146 ἑαυτῷ
187 2056 481 2146 ἐνδείκνυσθαι,“
461 2085 513 2127 οτι
535 2052 633 2140 οὗτός
656 2064 724 2128 ἐστι
741 2060 857 2130 καλ“
813 2060 932 2149 αντηὴ
951 2062 1062 2150 φάσις,
1079 2079 1133 2138 m

58 2148 165 2239 περὶ
141 2183 181 2282 ης
191 2156 264 2225 τότε
275 2161 361 2244 ήσαν
372 2162 406 2226 ολ
415 2157 517 2245 λόγοι,
529 2167 594 2226 νῦν
603 2164 689 2250 ἔργα
699 2169 852 2246 παροῦσα
845 2152 952 2249 ολ,
929 2189 951 2252 η
963 2188 1063 2246 προς-

58 2259 188 2325 οιστέον
206 2257 326 2325 τούσδε
346 2249 411 2326 άδε
428 2256 506 2337 τοὺς
527 2258 649 2342 λόγους
665 2257 770 2326 έκλ
734 2285 795 2345 την
818 2266 925 2329 τῶνδε
942 2264 1061 2349 πειθό,

57 2363 162 2422 ταῦτα
183 2354 219 2422 δὲ
236 2353 300 2442 ἤδη
324 2355 431 2422 πάντα
454 2360 577 2442 ἔχοντι,
599 2359 824 2446 προσλαβόντι
844 2360 981 2446 καιροάς
1002 2371 1064 2428 τοῦ

57 2454 137 2522 πότε
149 2457 282 2522 λεκτέον
292 2481 347 2522 και
336 2456 556 2540 ἐπισχετέον,
566 2461 749 2542 βραχνλογί
747 2484 785 2537 ας
795 2483 830 2525 τε
842 2485 886 2526 αν
874 2452 952 2528 καὶ
963 2465 1063 2528 ἐλεει-

57 2561 211 2639 νολογίας
223 2554 277 2621 καὶ
290 2553 472 2632 δεινοόσεως
483 2552 630 2622 ἑκάστων
640 2580 675 2622 τε
687 2553 741 2623 όσ’
758 2551 801 2624 ἀν
819 2562 889 2644 ελδη
899 2558 994 2648 μάθη
1005 2560 1063 2628 λό-

56 2677 144 2738 γων,
167 2651 296 2719 τούτων
317 2649 379 2736 τὴν
396 2649 567 2738 εὐκαιρίαν
584 2680 619 2720 τε
636 2656 689 2722 καὶ
705 2651 859 2740 ἀκαιρίαν
881 2658 1062 2746 διαγνόντι,

57 2757 168 2831 καλάς
178 2778 213 2820 τε
224 2753 280 2820 καὶ
290 2755 406 2869 τελέας
423 2755 511 2819 ἐστὶν
522 2749 542 2838 ἡ
554 2756 648 2839 τέχνη
662 2751 921 2844 ἀπειργασμένη,
943 2759 1062 2845 πρότε-

58 2849 170 2934 ρονδ’
189 2850 246 2919 οὔ
271 2848 345 2919 ἀλλ’
365 2877 432 2917 οτι
444 2877 486 2917 αν
497 2877 609 2920 ανταν
620 2878 668 2932 τις
679 2857 808 2943 έλλελπη
819 2854 1062 2942 λεγωνηδιδα
1079 2875 1100 2924 Β

58 2972 149 3018 σκων
167 2978 187 3036 η
205 2949 364 3036 γράφων,
386 2975 434 3038 φη
420 2952 488 3018 δὲ
505 2955 600 3040 τέχνη
618 2950 780 3039 λέγειν,
766 2982 784 3022 ο
801 2982 845 3041 μη
862 2955 1063 3040 πειθόμενος

58 3061 180 3136 κρατει.
193 3054 226 3116 τέ
235 3039 331 3133 δη
289 3072 369 3129 ονν;
392 3048 491 3134 φήσει
503 3049 606 3129 ἴσως
592 3077 609 3119 ο
621 3053 841 3138 συγγραφεύς,
855 3080 881 3119 α
869 3045 958 3120 Φαῑ
946 3055 1019 3140 ῑδρέ
1026 3077 1062 3120 τε

58 3149 114 3215 καλ
124 3146 312 3232 Σώκρατες,
325 3147 462 3215 δοκει
426 3147 548 3231 ον’τως;
566 3177 586 3236 η
574 3146 706 3229 ”άλλἰις
718 3175 786 3229 πως
797 3148 996 3220 ἀποδεκτέον
1007 3066 1132 3536 A!

57 3248 200 3332 γομένης
212 3245 322 3330 λόγων
332 3249 462 3334 τέχνηςγ

144 3352 233 3413 ΦΑΙ.
264 3341 539 3432 Ἀδόνατόνπον,
562 3342 791 3434 όΣάκρατες,
812 3345 934 3428 άλλως·
957 3357 1070 3419 καιτοι

60 3444 100 3512 οὐ
116 3467 257 3533 σμικρον
267 3471 305 3529 γε
317 3452 467 3530 φαινεται
479 3452 589 3535 ἔργον
1022 3460 1034 3481 “

888 3532 947 3596 W*
963 3540 965 3544 ’
