2408 3780
122 162 184 227 104
476 167 582 227 HAA
592 166 761 227 ΤΩΝΟΣ

63 344 98 399 45
117 323 241 413 ἡδονὰς
253 322 488 413 άποβίεπτέον,
500 322 573 393 ἀλλ’
588 323 681 403 είς
644 351 703 403 τας
711 350 896 409 ααροτατας
906 327 962 395 καὶ
972 330 1121 467 σφοδρο-

116 425 412 512 τάταςίεγομένας.

198 529 300 590 Hm.
335 521 438 600 Πᾶς”
417 550 460 589 αν
472 542 525 589 σοι
535 522 641 608 ταύτῃ
652 529 837 608 σνγχωροίη
848 519 888 590 τὰ
904 529 978 590 νῦν.

197 626 272 688 252.
303 612 372 705 Ἆρ’
392 612 454 687 οὖν
473 624 509 687 αί
523 619 704 705 πρόχειροι,
718 623 814 702 αἵπερ
826 622 882 688 καί
894 624 1046 706 μέγισται
1055 628 1122 689 τῶν

114 717 257 806 ἡδονῶν,
270 716 289 788 δ
300 724 438 806 λέγομεν
448 719 615 804 πολλάκις,
628 722 664 785 αί
673 721 748 803 περὶ
758 716 795 786 τό
808 716 903 804 σῶμά
913 723 998 785 εἰσιν
1006 709 1120 801 αόταις

198 825 300 885 Hm.
333 826 411 896 Πῶς
421 819 485 904 γὰρ
498 817 539 886 οὔ
547 847 555 895 3

199 924 273 984 Σίν.
307 919 457 1003 Πότερον
478 908 542 983 οὖν
557 922 686 1001 μείζους
705 918 766 982 είσὶ
782 918 837 982 καί
854 920 1028 999 γίγνονται
1048 916 1120 999 περὶ

115 1013 194 1092 τούς
207 1014 395 1099 κάμνοντας
406 1016 441 1078 ἐν
452 1026 521 1090 ταίς
532 1013 644 1090 νόσοις
654 1007 677 1099 ἢ
688 1014 763 1098 περὶ
774 1009 1004 1097 ὑγιαίνονταςς
1024 1010 1120 1081 τάλα-
1155 1066 1159 1073 .

114 1119 275 1197 βηθῶμεν
294 1111 340 1195 δέ,
361 1108 404 1197 μὴ
416 1119 587 1195 προπετῶς
598 1109 1057 1198 άποκρινόμενοιπταίσωμὲν
1067 1135 1116 1195 πῃ.

74 1226 95 1274 Β
114 1208 196 1294 τάχα
208 1206 272 1294 γάρ
286 1216 364 1287 ίσως
377 1223 499 1296 φαῖμεν
511 1206 555 1276 όίν
566 1213 641 1295 περὶ
655 1208 873 1295 ὑγιαίνοντας.

197 1312 299 1373 Hm.
332 1307 489 1392 Είκόςγε.

197 1412 272 1474 ΣΩ.
312 1413 355 1474 Τί
367 1404 412 1489 δ’;
436 1407 496 1494 οὐχ
508 1402 606 1477 αὗται
617 1415 686 1475 τῶν
696 1404 829 1494 ἡδονῶν
840 1405 1118 1493 ὑπερβάλλουσιν,

114 1498 164 1574 ῶν
174 1501 217 1573 άν
228 1507 283 1573 καί
294 1508 468 1592 ἐπιθυμίαι
479 1511 627 1591 μέγισται
638 1511 899 1590 προγίγνωνται;

198 1610 300 1672 Hm.
336 1612 441 1673 Τοῦτο
453 1604 515 1692 μὲν
525 1603 656 1690 άίηθές.

200 1711 274 1771 ΣΩ.
306 1701 393 1771 Ἀλλ’
413 1701 474 1788 οὐχ
490 1708 525 1771 οί
540 1705 754 1787 πυρέττοντες
771 1706 826 1769 καί
841 1703 878 1769 ἐν
887 1700 1050 1780 τοιούτοις
1061 1727 1120 1769 νο-

116 1802 259 1887 σήμασιν
269 1800 420 1886 ἐχόμενοι
432 1808 559 1887 μᾶλλον
571 1807 691 1881 διψῶσι
701 1803 757 1868 καὶ
768 1803 915 1887 ῥιγοῦσι,
934 1802 988 1868 καὶ
1000 1801 1119 1885 πάντα,

115 1898 223 1967 ὁπόσα
248 1896 301 1966 διά
325 1906 386 1967 τοῦ
409 1899 560 1985 σῶματος
583 1899 723 1968 εἰώθασι
752 1901 906 1985 πάσχειν,
933 1898 1064 1984 μᾶλλόν
1088 1894 1119 1965 τ’

116 2001 225 2085 ἐνδείᾳ
243 2002 475 2082 ξυγγίγνονται
492 2001 547 2065 καὶ
564 1996 872 2086 ἀποπληρουμένων
889 2002 1019 2081 μείζους
1039 1994 1122 2082 ἡδο-

115 2094 176 2174 νὰς
188 2105 353 2180 ίσχουσιν;
375 2090 397 2181 ἢ
410 2102 508 2163 τοῦτο
522 2092 563 2162 οὐ
575 2095 725 2183 φήσομεν
735 2095 858 2182 ἀληθὲς
869 2095 968 2175 είναις

78 2201 98 2250 C
198 2199 300 2261 ΠΡΩ.
332 2192 429 2261 Πάνυ
440 2194 501 2281 μὲν
514 2187 654 2262 οὖννῦν
665 2193 771 2281 ῥηθὲν
782 2200 942 2280 φαίνεται.

200 2298 274 2359 Σίν.
311 2299 353 2359 Τί
368 2285 446 2372 οὖν;
468 2291 581 2378 ὀρθῶς
591 2288 634 2359 δν
648 2299 850 2378 φαινοίμεθα
863 2295 1024 2377 λέγοντες,
1037 2288 1083 2370 ῶς
1093 2300 1123 2359 εί

116 2420 163 2471 τις
183 2394 242 2471 τὰς
259 2402 412 2480 μεγίστας
428 2390 554 2479 ἡδονὰς
571 2396 654 2459 ίδείν
664 2391 835 2479 βούλοιτο,
860 2387 922 2457 οὐκ
936 2394 981 2468 είς
991 2386 1124 2473 ὑγίειαν

116 2489 191 2559 ἀλλ’
203 2498 249 2572 είς
260 2495 364 2561 νόσον
375 2493 487 2572 ίόντας
501 2496 715 2569 δείσαοπείνς
728 2487 792 2573 ὅρα
802 2491 854 2574 δέ,
867 2487 912 2574 μή
922 2513 962 2574 με
972 2484 1038 2575 ἡγῇ
1048 2491 1125 2555 δια-

117 2590 304 2676 νοούμενον
321 2594 450 2679 ἐρωτᾷν
461 2612 509 2677 σε,
530 2595 561 2657 εί
569 2595 670 2657 πλείω
687 2594 860 2674 χαίρουσιν
877 2590 911 2655 οί
920 2584 1053 2672 σφόδρα
1064 2612 1125 2655 νο-

117 2694 255 2766 σοῦντες
270 2695 340 2756 τῶν
357 2686 595 2776 ὑγιαινόντων,
620 2685 693 2754 ἀλλ’
713 2696 788 2755 οίον
806 2685 948 2772 μέγεθός
964 2708 1005 2769 με
1017 2688 1126 2769 ζητεῖν

116 2781 250 2871 ἡδονῆς,
261 2788 316 2854 καὶ
326 2785 362 2855 τό
376 2789 508 2874 σφόδρα
518 2789 593 2872 περί
604 2793 664 2854 τοῦ
675 2785 832 2853 τοιούτου
844 2790 910 2852 ποῦ
922 2783 1000 2852 ποτὲ
1010 2792 1124 2869 γίγνε-

116 2912 169 2952 ται
187 2884 349 2953 ἑκάστοτε.
380 2893 498 2972 νοῆσαι
514 2885 578 2971 γάρ
597 2889 667 2952 δεῖν
683 2882 793 2969 φαμὲν
809 2879 926 2968 ἥντινα
942 2881 1050 2966 φύσιν
1059 2886 1123 2967 ἔχει

116 2985 222 3050 ααὶί
188 2989 261 3051 τίνα
279 2985 435 3067 λέγουσιν
452 2986 486 3050 oc
501 2983 687 3068 φάσκοντες
704 2981 783 3068 μηδ’
801 2981 885 3049 εἶναι
904 2979 940 3049 τό
964 2980 1124 3065 παράπαν

79 3096 99 3144 Ι)
118 3079 232 3169 αὐτήν.

200 3185 303 3247 Hm.
337 3175 431 3245 Ἀίίὰ
444 3176 591 3264 σχεδδν”
572 3203 732 3269 επομαι
701 3204 746 3246 τοο
731 3177 844 3268 λόγῳ
856 3199 928 3246 σου.

200 3286 336 3348 xxvssl.
380 3285 455 3345 Σί).
493 3277 598 3362 Τάχα,
621 3304 646 3343 ω
634 3247 855 3361 Πρῶταρχε,
874 3267 1046 3362 ουχῆττον
1055 3280 1122 3343 δεί-

117 3383 190 3458 ξεις.
223 3374 401 3464 ἀπόκριναι
417 3376 498 3462 γάρ
520 3380 559 3443 ἐν
570 3372 665 3463 υβρει
675 3379 805 3460 μείζους
816 3373 954 3461 ηδονας,
977 3372 1121 3443 οόπλεί-
