2422 3780
461 171 698 230 ΦΙΛΗΒΟΣ.
1017 173 1078 239 137

156 334 232 395 ΣΩ.
266 335 351 413 Ναί,
369 327 406 396 τό
419 333 458 396 δέ
466 355 504 414 γε
514 330 595 415 μετά
605 337 704 397 τοῦτο
717 329 902 416 ἀκούωμεν.
937 332 1000 419 ἐγώ
1012 335 1077 420 γὰρ
1095 344 1116 393 Ε

68 423 111 511 δὴ
131 424 276 495 κατιδύν
288 426 372 512 ἅπερ
383 435 447 495 νῦν
458 428 498 513 δὴ
511 426 710 515 διελήλυθα,
732 431 787 496 καὶ
799 431 1005 517 δυσχεράνας
1016 432 1077 501 τόν

68 523 224 611 Φιλήβον
239 525 342 611 λόγον
357 524 399 593 ού
414 525 523 612 μόνον
541 524 624 597 ἀλλά
642 529 696 595 καί
713 526 823 597 ἀλλων
840 530 996 610 πολλάκις
1014 559 1079 617 μν-

69 627 170 708 ρίων,
195 622 288 691 είπον
308 621 352 704 ὡς
368 621 491 710 ἡδονῆς
507 651 544 709 γε
556 634 636 705 νοῦς
648 636 698 712 είη
710 635 825 718 μακρῷ
837 628 966 714 βέλτιόν
977 655 1011 696 τε
1023 633 1078 697 καί

73 720 210 804 ἀμεινον
221 729 268 809 τῷ
277 728 346 788 τῶν
356 719 550 809 ἀνθρώπων
560 730 630 815 βίῳ.

122 878 125 885 .
155 825 256 886 Hm.
289 812 472 899 ᾟνταῦτα.

155 923 230 985 Σίδ.
256 914 469 999 Ὑποπνεύοιν
486 924 525 991 δέ
538 947 576 1007 με
592 928 648 991 καλ
665 923 748 991 ἀλλα
761 923 961 995 εἶναιπολλὰ
973 926 1076 1012 εἷπον,

69 1013 115 1094 ὡς
126 1020 157 1084 εί
166 1024 285 1103 φανείη
297 1042 328 1083 τι
339 1017 468 1086 τούτων
480 1016 607 1106 ἀμφοῖν
617 1024 762 1108 βέλτιον,
785 1020 868 1108 ὑπὲρ
878 1033 947 1093 τῦν
964 1030 1078 1093 δευτε-

68 1121 171 1199 ρείων
182 1122 230 1205 νῷ
243 1114 326 1201 πρός
337 1114 463 1204 ἡδονὴν
473 1124 763 1207 ξυνδιαμαχοίμην,
774 1120 878 1209 ἡδονὴ
889 1124 924 1191 δὲ
934 1125 989 1191 καὶ
1000 1128 1078 1192 δεν-

66 1216 416 1300 τερείωνστερήσοιτο.

156 1318 255 1380 Hm.
285 1311 543 1400 Ελπεςμάρούν.
1092 1346 1126 1404 67

156 1416 230 1478 ΣΩ.
262 1414 328 1479 Καὶ
350 1412 430 1497 μετὰ
452 1415 608 1501 ταῦτάγε
626 1418 761 1485 πάντων
778 1419 982 1487 ἱκανώτατον
998 1421 1077 1488 τού-

16 1584 20 1589 ,
66 1535 141 1577 τοιν
154 1507 331 1593 οὐδέτερον
342 1511 460 1580 ίκανόν
471 1514 588 1600 ἐφάνη.

155 1613 256 1675 Hm.
288 1607 517 1695 Ἀληθέστατα.

154 1712 230 1774 Σίὶ.
270 1705 409 1774 Οὐκοῦν
429 1709 639 1777 παντάπασιν
660 1712 821 1800 ἐντούτῳ
843 1717 888 1800 τῷ
911 1711 999 1800 λόγῳ
1021 1713 1077 1780 καὶ

67 1811 153 1882 νοῦς
170 1801 359 1890 ἀπήλλακτο
378 1810 434 1874 καί
451 1807 554 1895 ἡδονή
573 1810 618 1896 μή
630 1836 680 1877 τοι
690 1807 842 1895 τάγαθόν
852 1835 889 1896 γε
901 1808 982 1880 αύτό
996 1809 1074 1898 μηδ’

67 1906 186 1992 ἕτερον
203 1902 318 1973 αύτοῑν
336 1904 435 1990 εἶναι,
456 1906 657 1994 στερόμενον
673 1904 867 1990 αὐταρκείας
883 1909 1006 1995 καὶτῆς
1017 1916 1078 1976 τοῦ

68 2007 191 2072 ίκανοῦ
202 2005 257 2071 καί
267 2006 381 2071 τελέου
393 2005 580 2091 δννάμεως;

159 2123 259 2186 ΠΡΩ.
291 2115 480 2204 Ὀρθότατα.

158 2237 232 2300 Σίδ.
270 2234 437 2310 Φανέντος
455 2235 493 2299 δέ
505 2259 543 2317 γε
560 2229 664 2298 ἀλλον
675 2237 788 2316 τρίτον
799 2238 986 2316 κρείττονος
996 2231 1077 2300 τού-

68 2356 145 2400 τοιν
166 2332 340 2416 ἑκατέρου,
362 2336 470 2420 μορίῳ
493 2324 537 2397 αὖ
556 2337 637 2407 νοῦς
657 2328 780 2414 ἡδονῆς
801 2329 1001 2415 οἰκειότερον
1022 2332 1078 2397 καὶ

68 2432 347 2516 προσφνέστερον
358 2430 522 2514 πέφανται
534 2437 599 2496 νῦν
611 2435 651 2515 τῇ
664 2434 725 2496 τοῦ
736 2434 896 2505 νικῶντος
911 2430 993 2515 ἰδέᾳ.

154 2547 256 2611 ΠΡΩ.
285 2537 440 2625 Πῦςγάρ
453 2539 512 2619 ούς

158 2660 232 2722 Σίδ.
266 2650 404 2721 Ούκοῦν
420 2657 568 2739 πέμπτον
585 2652 668 2721 κατά
685 2651 747 2740 τὴν
763 2660 888 2739 κρίσιν,
908 2650 953 2738 ἣν
974 2660 1039 2722 νῦν
1060 2650 1078 2720 ὁ

68 2752 172 2839 λόγος
183 2749 393 2839 ἀπεφήνατο,
404 2751 544 2838 γίγνοιτ’
557 2747 599 2820 ἀν
610 2748 631 2839 ἡ
643 2759 699 2839 τῆς
708 2749 832 2839 ἡδονῆς
843 2751 992 2839 δύναμις.

134 2872 257 2934 ‘Hm
281 2865 421 2934 Ἔοικεν.

156 2982 231 3046 Σίδ.
261 2985 404 3062 Πρῶτον
425 2982 462 3046 δέ
480 3004 518 3063 γε
540 2977 615 3046 οὐδ’
635 2973 678 3046 ἀν
696 2983 730 3047 οἱ
744 2978 866 3057 πάντες
882 2977 958 3065 βόες
974 3002 1009 3044 τε
1025 2980 1080 3043 καὶ
1096 2996 1117 3045 Β

67 3082 165 3146 ἵπποι
177 3077 232 3145 καί
242 3069 346 3144 τᾶλλα
358 3076 530 3162 ξύμπαντα
540 3084 643 3164 θηρία
655 3085 744 3164 φῦσι
753 3085 801 3165 τῷ
814 3074 850 3143 τό
863 3081 989 3161 χαίρειν
1000 3075 1081 3141 διιό-

68 3202 159 3246 κειν·
180 3171 230 3255 οἷς
246 3176 473 3262 πιστεύοντες,
498 3173 609 3260 ὥσπερ
626 3176 760 3262 μάντεις
777 3172 908 3258 ὄρνισιν
914 3222 924 3256 ,
948 3176 981 3239 οί
997 3182 1080 3241 πολ-

68 3276 123 3344 λοί
140 3282 294 3362 κρίνουσι
309 3272 368 3353 τοὶς
384 3271 508 3360 ἡδονὰς
526 3279 571 3353 είς
587 3273 624 3342 τό
637 3279 696 3363 ζῇν
706 3270 787 3359 ἡμῖν
799 3263 838 3339 εύ
849 3277 1022 3358 κρατίστας
1034 3273 1080 3340 εἶ-

67 3401 143 3459 ναι,
165 3376 222 3443 καί
237 3373 317 3452 τοῦς
332 3380 463 3459 θηρίων
479 3378 602 3460 ἔρωτας
612 3381 739 3440 οίονται
749 3377 887 3460 κνρίονς
898 3370 983 3440 εἶναι
993 3373 1080 3457 μάρ-
