2408 3780
153 157 174 220 8
513 152 799 212 ΠΛΑΤΩΝΟΣ

150 317 235 384 αατά
247 313 308 384 ὅλα
319 313 582 401 μεταλαμβάνειν
595 310 782 397 δυνάμενας
806 308 858 380 Ού
869 310 915 396 μά
926 307 986 379 τὸν
996 318 1079 393 Δία,
1092 310 1155 395 φά-

153 441 223 500 ναι,
236 409 279 482 ού
289 439 344 500 μοι
356 418 449 481 δοκεῖ
459 411 600 481 εύκολον
612 410 696 479 εἶναι
706 409 743 478 τὸ
756 419 910 478 τοιοῦτον
921 409 1075 496 οὐδαμῶς
1088 413 1156 476 διο-

118 505 121 511 ’
152 518 318 599 ρίσασθαι.
356 518 398 579 Τί
406 513 442 580 δὲ
455 510 511 595 δή;
530 508 887 596 κρδςτύδεπῦςέχειςς
908 505 952 575 Τδ
966 520 1079 588 novom
1099 506 1158 575 Οἷ-

81 620 134 677 1³2
152 617 213 698 μαί
220 631 256 678 σε
268 613 303 678 ἐκ
314 617 375 678 τοῦ
386 614 517 677 τοιοῦδε
529 612 566 676 ἓν
575 611 715 676 ἕκαστον
724 605 809 686 εἶδος
818 616 949 675 οίεσθαι
959 605 1057 674 εἶναι·
1079 605 1158 673 ὅταν

152 707 248 777 πάλλ’
264 706 344 776 άττα
355 707 481 795 μεγάλα
493 727 545 774 σοι
557 706 636 794 δύξη
649 707 749 788 εἶναι,
770 715 829 794 μία
839 733 887 785 τις
898 715 976 785 ίσως
988 710 1081 772 δοκεῖ
1088 708 1158 773 λδέα

73 884 76 889 ,
151 805 171 893 ἡ
185 803 267 894 αύτή
280 805 363 874 εἶναι
375 806 427 874 ἐπὶ
438 806 546 874 πάντα
558 805 680 890 ἰδόντι,
693 802 778 872 ὅθεν
789 807 826 871 έν
836 803 873 871 τὸ
885 805 969 889 μέγα
980 800 1158 888 ἡγείεῖναι.

147 904 273 992 Ἀληθῆ
291 910 409 990 λέγεις,
433 904 546 989 φάναι.
584 910 625 972 Τί
640 901 671 971 δ’
692 902 773 971 αύτδ
789 901 827 971 τὸ
845 908 928 988 μέγα
940 894 1158 970 καὶτάλλατά

151 1003 295 1090 μεγάλα,
318 1002 378 1071 ἐάν
396 1000 553 1082 ὡσαύτως
569 1011 611 1091 τῇ
628 1012 718 1091 ψυχῇ
733 1006 784 1072 ε’τλ
804 1004 912 1072 πάντα
924 1007 1012 1090 ίδης,
1037 997 1109 1085 ούχὶ
1121 1000 1158 1065 έν

150 1128 181 1169 τι
199 1093 244 1168 αύ
260 1124 327 1167 πον
344 1105 426 1187 μέγα
437 1115 605 1186 φανεῖται,
626 1095 763 1190 ᾦταῦτα
774 1103 883 1169 πάντα
894 1099 1021 1186 άνάγκη
1033 1099 1157 1185 μεγάλα

151 1206 348 1285 φαίνεσθαι;
362 1198 501 1268 Ἔοικεν.
521 1199 621 1268 ’Άλλο
633 1198 698 1284 άρα
711 1197 796 1277 εἶδος
807 1204 971 1285 μεγέθους
982 1196 1159 1283 ἀναφανή-

152 1318 258 1382 σεται,
276 1295 358 1384 παρ’
376 1295 458 1365 αὐτό
469 1324 504 1365 τε
517 1294 555 1365 τὸ
567 1299 708 1384 μέγεθος
718 1294 855 1383 γεγονὸς
865 1298 920 1365 καὶ
930 1295 970 1364 τά
983 1298 1158 1381 μετέχοντα

113 1419 134 1471 Β
153 1394 273 1465 αὐτοῦ·
295 1399 350 1464 καὶ
366 1397 418 1464 έτιλ
435 1396 565 1474 τούτοις
576 1389 620 1462 αύ
630 1403 731 1463 τάσιν
742 1396 872 1479 ἕτερον,
897 1387 926 1483 ᾧ
936 1403 1039 1462 ταῦτα
1051 1396 1158 1462 πάντα

151 1496 278 1584 μεγάλα
297 1500 402 1562 ἔσται·
424 1496 479 1563 καὶ
496 1492 607 1562 ούκέτι
625 1490 664 1580 δὴ
684 1497 721 1560 έν
736 1495 877 1562 ἕκαστόν
898 1514 951 1562 σοι
972 1503 1040 1562 τῶν
1061 1498 1158 1562 εἰδῶν

152 1602 258 1679 ἔσται,
270 1592 342 1662 ἀλλ’
357 1591 476 1680 άπειρα
488 1591 523 1661 τά
536 1601 675 1679 πλῆθος.

236 1700 287 1762 Vl.
331 1691 443 1774 Ἀλλά,
456 1691 578 1779 φάναι,
591 1683 619 1758 ά
630 1696 837 1778 Παρμενίδη,
849 1690 909 1761 τὸν
919 1692 1101 1778 Σωκράτη,
1114 1692 1157 1778 μὴ

151 1802 220 1861 νῦν
237 1796 337 1860 είδῦν
354 1793 494 1859 ἕκαστον
509 1783 532 1878 ᾖ
548 1791 677 1858 τούτων
693 1790 818 1877 νόημα,
841 1793 895 1860 καὶ
906 1789 1058 1878 οὐδαμοῦ
1069 1790 1159 1880 αύτῷ

155 1889 305 1977 τροσήκη
323 1892 535 1975 ἐγγίγνεσθαι
551 1884 708 1973 άλλοθιῆ
725 1892 762 1957 ἐν
779 1903 913 1974 ψυχαῖς·
935 1889 1022 1958 οὕτω
1040 1892 1104 1975 γάρ
1117 1886 1160 1957 άν

56 2000 59 2006 ’
153 1991 191 2057 έν
199 2015 244 2081 ,γε
264 1990 405 2056 ἕκαστον
417 1997 465 2074 είη
478 1987 533 2054 καὶ
544 1984 606 2054 ούκ
617 1982 661 2053 άν
672 1991 719 2053 έτι
730 1987 849 2071 πάσχοι
860 1983 882 2053 ά
893 1995 959 2053 νῦν
970 1989 1010 2073 δὴ
1022 1988 1159 2072 ἐλέγετο.

157 2095 198 2156 Τί
213 2080 293 2169 ούν;
316 2086 437 2172 φάναι,
460 2088 499 2152 έν
515 2083 655 2152 ἕκαστόν
671 2088 738 2153 ἐστι
755 2093 822 2151 τῶν
839 2084 1032 2170 νοημάτων,
1051 2084 1160 2170 νόημα

154 2187 189 2255 δὲ
207 2184 361 2265 ούδενός;
381 2181 468 2253 Ἀλλ’
487 2182 671 2268 ἀδύνατον,
694 2189 806 2252 εἰπεῖν.
838 2179 933 2251 Ἀλλὰ
955 2183 1060 2262 τινός;
1081 2191 1159 2252 Ναί.

116 2284 262 2363 σ”Οντος
278 2279 302 2371 ἦ
319 2282 381 2352 ούκ
394 2283 507 2365 ὅντοςς
520 2282 644 2363 ’Όντος
679 2281 751 2368 Ούχ
763 2279 837 2360 ἑνός
846 2308 950 2365 τινος,
962 2278 982 2348 ὃ
995 2283 1048 2350 ἐπὶ
1058 2290 1161 2351 πᾶσιν

153 2384 258 2451 έκεῖνο
275 2379 312 2449 τό
331 2381 440 2469 νόημα
456 2382 538 2453 ἐττόν
549 2397 638 2466 νοεί,
659 2390 738 2469 μίαν
749 2379 823 2450 τινά
836 2374 942 2450 ούσαν
953 2385 1060 2461 λδέαν;
1082 2389 1159 2451 Ναί.

152 2479 233 2551 Εἶτα
251 2479 314 2549 ούκ
332 2479 419 2562 εἶδος
429 2486 626 2549 ἔσταιτοῦτο
638 2481 675 2549 τὸ
688 2480 874 2568 νοούμενον
884 2484 923 2549 έν
934 2479 1034 2566 εἶναι,
1058 2480 1108 2550 αἐὶ
1120 2476 1162 2550 ύν

153 2579 189 2648 τὰ
204 2577 284 2647 αύτό
297 2581 350 2649 ἐπὶ
361 2587 478 2660 πάσας
496 2579 635 2667 Ἀνάγκη
648 2574 691 2648 αύ
702 2588 862 2665 φαίνεται.
889 2587 932 2648 Τί
939 2582 975 2648 δὲ
986 2580 1028 2666 δη’
1036 2609 1045 2659 3
1058 2585 1161 2648 εἰπεῖν

155 2677 215 2746 τὸν
225 2684 457 2766 Παρμενίδην,
481 2675 544 2746 ούκ
561 2677 706 2764 ἀνάγκη,
729 2684 760 2746 εί
773 2671 877 2747 τᾶλλα
895 2675 962 2765 φης
977 2685 1046 2745 τῶν
1063 2682 1162 2746 εἰδῶν

153 2779 315 2864 μετέχειν,
337 2773 359 2864 ἢ
383 2782 493 2845 δοκεῖν
515 2796 568 2844 σοι
589 2780 625 2845 ἐκ
646 2774 821 2862 νοημάτων
843 2776 985 2844 ἕκαστον
1005 2775 1161 2845 εἶναικαὶ

153 2876 263 2944 πάντα
281 2888 388 2961 νοεῖν,
409 2869 432 2960 ἦ
449 2874 599 2961 νοήματα
617 2873 697 2942 ὄντα
714 2871 838 2958 άνύητα
857 2871 957 2953 εἶναις
978 2872 1063 2959 Ἀλλ’
1083 2871 1161 2945 οὐδὲ

153 2981 269 3056 τοῦτο,
288 2972 410 3059 φάναι,
429 2978 494 3059 ἔχει
506 2974 626 3059 λόγον,
643 2969 730 3058 ἄλλ’,
751 2964 778 3040 ά
788 2976 997 3060 Παρμενίδη,
1020 2972 1162 3059 μάλιστα

115 3101 136 3149 ι)
155 3079 265 3159 ἔμοιγε
283 3077 519 3158 καταφαίνεται
533 3063 597 3138 ὦδε
608 3076 707 3157 ἔχειν·
729 3068 769 3137 τά
781 3074 842 3156 μέν
853 3074 924 3156 εἴδη
934 3078 1038 3137 ταῦτα
1050 3070 1163 3155 ὥσπερ

155 3176 401 3256 παραδείγματα
418 3168 552 3238 ἑστάναι
571 3174 608 3237 έν
624 3174 663 3256 τῇ
675 3168 790 3253 φύσει,
813 3168 853 3236 τά
871 3167 907 3237 δὲ
929 3166 1013 3236 άλλα
1033 3169 1163 3250 τούτοις

156 3275 296 3339 ἐοικέναι
317 3269 372 3337 καὶ
395 3264 479 3337 εἶναι
500 3264 705 3354 ὁμοιώματα·
725 3265 819 3355 καὶὴ
843 3271 973 3354 μέθεξις
996 3266 1079 3355 αὕτη
1096 3283 1164 3348 τοῖς

156 3367 267 3446 ἄλλοις
281 3374 455 3453 γίγνεσθαι
471 3373 540 3435 τιῦν
557 3373 657 3436 είδιῦν
673 3363 735 3434 ούκ
754 3364 836 3453 άλλη
853 3391 902 3445 τις
921 3360 943 3451 ἢ
966 3371 1162 3452 εἰκασθῆναι
