2408 3780
121 163 163 226 60
481 163 765 223 ΠΛΑΤΩΝΟΣ

205 331 297 393 m«.
309 321 395 392 Ἀλλ’
415 314 509 392 οόποι
527 321 632 409 σοφός
649 318 694 390 άν
710 319 851 409 εῖηςτὴν
861 321 1024 410 μουσικὴν
1037 325 1132 404 εἰδώς

121 428 225 489 ταῦτα
236 420 335 506 μόνα,
348 417 393 507 μὴ
406 420 442 490 δὲ
453 417 548 499 εἰδοῖς
559 418 605 499 ι’ός
614 417 641 505 γ’
656 424 733 498 ἔπος
743 424 848 487 εἰπεῖν
859 425 906 498 εἰς
917 428 1020 488 ταῦτα
1032 417 1131 489 οόδευ

121 516 180 597 νὸς
190 517 280 598 άξιος
292 523 368 586 ἔσει.

203 623 304 684 Hm.
338 614 391 683 Οό
404 615 469 702 γάρ
481 609 554 684 οὖν.

202 720 277 782 ΣΩ.
311 711 410 798 Ἀλλ’,
436 707 463 781 ά
480 719 573 800 φίλε,
597 710 735 780 ἐπειδάν
751 712 856 801 λάβῃς
873 711 913 781 τά
925 714 1129 800 διαστήματα

120 809 229 879 ὁπόσα
246 812 315 879 ἐστὶ
330 809 391 879 τόν
409 808 558 897 άριθμὸν
574 816 633 897 τῆς
648 818 763 896 φωνῆς
774 807 931 897 ὀξύτητός
941 838 976 880 τε
988 815 1063 900 πέρι
1074 817 1129 881 καὶ

82 925 103 974 l>
121 908 322 996 βαρύτητος,
341 910 396 976 καὶ
407 905 523 994 ὁποῖα,
542 909 597 976 καὶ
607 906 687 986 τοὺς
697 903 797 991 όρονς
808 915 877 976 τῶν
888 909 1128 996 διαστημάτων,

119 1007 175 1074 καὶ
186 1004 226 1073 τά
237 1009 273 1073 ἐιι
290 1005 420 1072 τούτων
437 1003 501 1073 ὅσα
519 1005 710 1092 συστήματα
725 1007 879 1092 γέγονεν,
902 1004 924 1074 ά
940 1006 1129 1087 κατιδόντες

120 1108 154 1171 ολ
162 1104 315 1189 πρόσθεν
325 1108 514 1188 παρέδοσαν
522 1103 601 1191 ἡμῖν
610 1119 677 1184 τοῖς
687 1107 858 1191 ἑπομένοις
867 1109 1005 1184 ἐκείνοις
1014 1115 1129 1175 καλεῖν

120 1202 204 1272 αὐτά
216 1201 386 1292 ἁρμονίας,
399 1211 437 1274 ἐν
445 1231 480 1274 τε
490 1219 560 1284 ταῖς
568 1204 738 1292 κινήσεσιν
746 1198 790 1273 αὖ
802 1212 862 1273 τοῦ
872 1206 1022 1292 στόματος
1032 1207 1128 1291 ἕτερα

119 1311 256 1371 τοιαῦτα
266 1303 384 1371 ἐνόντα
393 1304 486 1391 πάθη
494 1303 686 1390 γιγνόμενα,
699 1296 720 1370 ά
732 1301 772 1391 δὴ
786 1302 825 1370 δι’
838 1301 996 1390 άριθμῶν
1005 1330 1128 1393 μετρη-

118 1407 224 1469 θέντα
237 1406 308 1470 δεῖν
318 1394 364 1469 αό
375 1404 456 1488 φασὶ
475 1398 630 1487 ῥυθμοὺς
646 1403 701 1468 καὶ
710 1403 812 1487 μέτρα
824 1401 1054 1488 ἐπονομάζειν,
1072 1405 1126 1471 καλ

119 1495 186 1584 άμα
198 1504 342 1584 ἐννοεῖν,
361 1499 405 1580 ὥς
423 1497 512 1568 οὕτω
530 1503 584 1567 δεῖ
598 1502 673 1582 περὶ
690 1496 813 1577 παντός
830 1499 904 1576 ἑνός
920 1499 976 1566 καὶ
993 1507 1126 1568 πολλάν

118 1613 263 1667 σκοπεῖν.
286 1594 444 1683 ὅτανγάρ
456 1595 605 1664 ταῦτάτε
618 1597 722 1684 λάβῃς
733 1595 837 1679 οὕτω,
854 1594 929 1664 τότε
940 1599 1056 1680 ἐγένου
1067 1617 1126 1666 σο-

79 1715 100 1764 R
119 1694 192 1777 φός,
206 1694 287 1763 όταν
297 1721 333 1763 τε
344 1693 424 1762 ἄλλο
443 1701 511 1762 τῶν
522 1693 631 1764 όντων
648 1697 685 1762 ἓν
695 1693 810 1762 ὁτιοῦν
820 1694 924 1781 ταύτῃ
931 1695 1125 1783 ’σκοπούμε-

117 1817 176 1869 νος
186 1794 271 1880 ἕλῃς,
283 1792 390 1871 οὕτως
400 1797 538 1878 ἔμφρων
547 1794 621 1877 περὶ
631 1792 763 1860 τούτων
772 1793 927 1877 γέγονας·
939 1790 975 1859 τό
991 1789 1020 1859 δ’
1030 1791 1125 1861 άπει-

118 1888 182 1971 ρόν
193 1908 230 1956 σε
241 1889 389 1958 ἑκάστων
400 1891 455 1957 καὶ
466 1893 503 1958 ἐν
514 1889 665 1970 ἑκάστοις
676 1898 805 1976 πλῆθος
822 1888 960 1976 άπειρον
971 1890 1125 1960 ἑκάστοτε

117 2000 207 2054 ποιεῖ
213 1994 274 2054 τοῦ
286 2000 424 2072 φρονεῖν
434 1988 489 2055 καὶ
501 1985 564 2054 οὐκ
575 1989 749 2074 ἐλλόγιμον
760 1985 834 2055 οὐδ’
851 1987 1052 2076 ἐνάριθμον,
1070 1987 1123 2057 ἅτ’

117 2080 179 2150 οὐκ
192 2089 237 2162 εἰς
248 2081 396 2170 άριθμόν
407 2082 529 2152 οὐδένα
540 2087 576 2152 ἐν
587 2083 699 2154 οὐδενὶ
711 2086 842 2154 πώποτε
854 2083 1023 2154 άπιδόντα.

201 2189 278 2250 VIII.
310 2188 412 2249 ΠΡΩ.
444 2175 664 2266 Κάλλιστα,ά
675 2190 809 2269 Φίληβε,
821 2188 930 2269 ἔμοιγε
940 2181 1123 2253 τάνῦνλε·

115 2277 242 2364 γόμενα
253 2281 420 2364 εἰρηκέναι
431 2287 581 2364 φαίνεται
591 2282 781 2367 Σωκράτης.

64 2392 99 2448 18
202 2384 261 2445 ΦΙ.
294 2380 360 2445 Καὶ
375 2379 446 2463 ἐμοὶ
462 2379 565 2446 ταῦτά
582 2404 620 2464 γε
637 2378 737 2446 αὐτά·
760 2377 842 2447 άλλά
855 2385 889 2447 τί
897 2378 939 2467 δή
950 2404 1030 2446 ποτε
1040 2401 1123 2464 προς

115 2471 200 2560 ἡμᾶς
212 2473 230 2543 ό
243 2474 341 2560 λόγος
352 2469 451 2555 οὗτος
461 2484 527 2543 νῦν
538 2486 663 2564 εἴρηται
674 2479 729 2546 καὶ
740 2485 773 2546 τί
781 2502 860 2546 ποτε
870 2477 1090 2566 βονλόμενος;

198 2579 274 2640 ΣΩ.
305 2572 431 2658 Ὀρθῶς
441 2578 554 2659 μέντοι
564 2575 666 2645 ταῦθ’
678 2573 774 2663 ἡμᾶς,
787 2570 1021 2662 άΠράταρχε,
1031 2572 1122 2661 ἠρά-

114 2694 191 2755 τηιιε
203 2677 355 2757 Φίληβος.

197 2775 298 2835 Hm.
328 2768 427 2837 Πάνυ
438 2770 499 2856 μὲν
511 2763 586 2857 οὖν,
596 2775 651 2841 καλ
663 2771 849 2859 άποιιρίνον
859 2798 896 2857 γε
909 2770 1008 2863 αὐτῷ.

196 2874 272 2934 Σέῖ.
296 2867 420 2954 Λράσοο
431 2876 544 2952 ταῦτα,
556 2871 702 2939 διελθών
713 2870 997 2957 σμικρόνέτιπερλ
1008 2869 1122 2940 αὐτοῖν

111 2965 249 3033 τούτων.
275 2964 386 3044 ὥσπερ
404 2964 469 3052 γάρ
482 2969 518 3033 ἓν
537 2964 652 3036 ὁτιοῦν
664 2978 696 3037 ελ
705 2976 752 3047 τίς
763 2994 843 3037 ποτε
854 2968 966 3055 λάβοι,
988 2977 1120 3047 τοῦτον,

113 3060 158 3141 όές
168 3088 295 3149 φαμεν,
316 3061 378 3131 οὐκ
396 3063 444 3131 ἐπ’
455 3063 595 3152 άπείρου
608 3066 712 3150 φύσιν
723 3070 776 3134 δεῖ
781 3072 916 3154 βλέπειν
926 3065 1033 3146 εὐθὺς
1043 3062 1117 3135 άλλ’

111 3162 167 3228 ἐπί
175 3188 249 3228 τινα
259 3159 423 3248 άριθμόν,
444 3161 532 3231 οὕτω
543 3165 598 3232 κοά
609 3162 647 3233 τό
658 3169 810 3233 ἐναντίον
819 3164 902 3234 ὅταν
912 3192 961 3245 τις
971 3164 1008 3232 τό
1024 3164 1120 3233 άπει-

73 3276 92 3325 Β
111 3282 173 3338 ρον
192 3256 390 3348 άναγαασθῄ
407 3267 539 3347 πρῶτον
558 3263 755 3349 λαμβάνειν,
777 3259 821 3349 μὴ
840 3265 892 3333 ἐπὶ
908 3261 946 3332 τό
965 3266 1002 3332 ἓν
1013 3259 1120 3342 εὐθὺς

110 3352 183 3421 ἀλλ’
195 3352 242 3424 ἐπ’
256 3355 406 3442 άριθμόν
417 3351 461 3425 αὖ
471 3357 544 3427 τινά
557 3368 687 3447 πλῆθος
696 3362 835 3430 ἕκαστον
846 3360 963 3447 ἔχοντά
973 3388 1005 3429 τι
1016 3388 1117 3430 κατα-
