2408 3780
399 176 748 235 ΠΑΡΜΕΝΙΔΗΣ.
1054 174 1074 237 3

63 335 225 423 άνόμοια,
248 343 346 404 τοῦτο
364 339 401 405 δὲ
419 324 458 422 δὴ
480 333 663 404 άδάνατον·
686 332 763 403 οὔτε
784 336 848 420 γάρ
870 336 909 403 τὰ
932 334 1073 421 άνόμοια

65 435 167 521 ὅμοια
183 431 268 502 οὔτε
288 432 329 502 τά
346 432 445 521 όμοια
461 433 603 520 άνόμοια
627 428 702 501 ολόν
723 459 758 501 τε
780 432 880 514 εἷναις
902 430 963 520 οὐχ
985 434 1073 502 οὕτω

65 537 187 620 λέγειςς
207 532 322 617 Οὕτω,
334 533 439 619 φάναι
451 532 511 602 τὸν
522 533 671 620 Ζήνωνα.
717 531 855 600 Οὐκοῦν
867 539 898 601 ελ
907 531 1075 603 άδάνατον

65 634 104 700 τά
124 658 160 700 τε
183 630 324 719 άνόμοια
348 631 445 718 ὅμοια
464 631 548 700 εἶναι
568 632 622 699 καλ
639 632 678 699 τά
691 629 789 717 ὅμοια
810 629 968 718 άνόμοια,
990 632 1074 700 άδά-

66 757 169 800 νατον
187 737 227 817 δὴ
246 734 301 799 καλ
318 727 425 799 πολλά
438 728 537 798 εἶναι·
560 735 591 797 ελ
604 727 669 814 γάρ
688 730 793 797 πολλὰ
812 740 878 817 εἴη,
901 730 1021 816 πάσχοι
1032 727 1074 797 άν

65 828 104 898 τά
128 828 294 909 άδόυατας
316 821 382 913 άρα
400 828 500 896 τοῦτό
518 831 607 896 ἐστιν
625 825 644 895 δ
660 830 843 917 βούλονταί
853 851 916 898 σον
927 835 962 898 ολ
970 828 1073 916 λόγοι,

65 927 129 997 οὐκ
146 927 228 997 άλλο
246 954 277 995 τι
292 922 314 1014 ἢ
331 927 550 1012 διαμάχεσθαι
567 925 655 1013 παρά
675 926 833 996 πάντατά
846 926 1018 1015 λεγόμενα,
1032 926 1074 1006 ὡς

64 1025 106 1096 οὐ
118 1025 228 1095 πολλά
240 1027 324 1108 έστις
345 1027 400 1093 καλ
417 1025 538 1093 τούτου
549 1023 654 1093 αὐτοῦ
666 1037 727 1096 οἴει
739 1047 791 1096 σοι
803 1027 982 1114 τεκμήριον
991 1026 1075 1095 εἶναι

65 1129 282 1195 ἕκαστοντῶν
290 1123 412 1209 λόγων,
424 1123 506 1191 όλστι
516 1125 571 1192 καὶ
582 1121 657 1210 ἡγεῖ
663 1133 808 1193 τοσαῦτα
820 1128 978 1214 τεκμήρια
989 1151 1075 1212 παρ-

66 1229 213 1311 έχεσθαι,
236 1221 337 1302 ὅσους
346 1246 407 1307 περ
418 1223 539 1308 λόγους
549 1226 728 1310 γέγραφας,
752 1222 795 1305 ὡς
805 1224 942 1293 οὐκέστι
951 1227 1074 1308 πολλάς

64 1323 156 1393 οὕτω
168 1327 283 1408 λέγεις,
296 1317 317 1409 ἢ
328 1320 392 1407 ἐγω
407 1319 470 1390 οὐκ
481 1321 592 1407 ὀρθοῖς
604 1325 868 1409 καταμανθάνω;
882 1324 966 1409 Οόκ,
980 1322 1074 1409 άλλά,
1095 1339 1144 1394 Ιλθ

65 1423 174 1508 φάναι
195 1422 256 1490 τόν
276 1422 434 1507 Ζήνωνα,
457 1430 566 1500 καλῶς
582 1430 729 1509 συνῆκας
748 1421 831 1491 όλον
847 1422 883 1491 τό
903 1424 1039 1511 γράμμα
1056 1421 1076 1490 ό

66 1523 231 1610 βούλεται.
276 1521 473 1603 Μανθάνω,
497 1526 601 1589 εἰπεῖν
617 1521 677 1590 τόν
695 1523 875 1608 Σωκράτη,
899 1516 1076 1608 άΠαρμε-

66 1627 154 1708 νίδη,
168 1619 349 1708 ότιΖηνων
358 1615 416 1686 όδε
428 1615 470 1686 οὐ
481 1618 590 1705 μόνον
601 1628 640 1709 τῇ
652 1619 736 1707 άλλη
746 1643 807 1688 σον
818 1630 911 1710 φιλίᾳ
922 1623 1077 1707 βούλεται

65 1720 274 1813 ᾠκειῶσθαι,
298 1717 381 1788 άλλά
405 1720 460 1786 καλ
483 1725 531 1806 τῷ
549 1719 787 1805 συγγράμματι.
812 1717 935 1787 ταότόν
945 1719 1009 1806 γάρ
1020 1724 1076 1805 γε’-

65 1847 178 1907 γραφε
189 1819 316 1905 τρόπον
333 1816 406 1887 τινά
418 1817 500 1903 ὅπερ
514 1819 557 1884 ον’
565 1869 573 1900 ,
591 1817 807 1906 μεταβάλλων
819 1819 855 1887 δὲ
865 1815 950 1905 ἡμᾶς
961 1826 1075 1901 πειρᾶ-

65 1947 120 1988 ται
131 1924 297 2007 έξαπατηῖν
308 1915 353 1998 άς
363 1918 478 2002 ἔτερόν
489 1945 520 1984 τι
529 1920 644 2003 λέγων.
657 1916 769 2004 σύμὲυ
780 1919 843 2005 γάρ
854 1921 968 1996 ἐντοῖς
980 1918 1077 2003 ποιη-

66 2042 174 2108 μασιν
183 2023 221 2086 ἓν
233 2016 300 2106 φης
312 2017 396 2087 εἶναι
410 2016 447 2087 τό
460 2026 544 2101 πάν,
562 2019 617 2085 καὶ
633 2016 762 2085 τούτων
773 2016 933 2103 τεκμήρια
944 2021 1076 2102 παρέχει
1095 2040 1114 2089 Β

66 2126 180 2196 καλῶς
190 2143 225 2184 τε
235 2119 291 2185 καὶ
302 2109 355 2184 εὖ·
379 2115 436 2184 όδε
449 2116 484 2184 δὲ
496 2109 539 2183 αὖ
551 2115 592 2182 οὐ
604 2119 710 2184 πολλά
724 2137 827 2203 φησιν
838 2116 938 2203 εἶναι,
956 2118 1077 2203 τεκμή-

67 2244 123 2304 ρια
136 2217 173 2285 δέ
184 2213 285 2294 αὐτός
299 2216 477 2303 πάμπολλα
495 2216 550 2283 καλ
562 2219 757 2302 παμμεγέθη
770 2218 952 2302 παρέχεται.
966 2213 1002 2283 τό
1016 2209 1078 2283 οὖν

67 2315 129 2384 τόν
140 2316 204 2401 μέν
215 2317 253 2382 ἓν
264 2314 388 2399 φάναι,
411 2313 471 2382 τόν
482 2317 518 2383 δὲ
530 2313 574 2401 μη
589 2316 711 2401 πολλά,
736 2316 791 2382 καὶ
803 2312 909 2392 οὕτως
921 2313 1077 2400 ἑκάτερον

67 2418 189 2501 λέγειν,
203 2411 287 2481 όόστε
300 2413 405 2500 μηδὲν
416 2421 484 2480 των
496 2409 607 2481 αὐτῶν
619 2415 784 2499 εἰρηκέναι
795 2415 906 2480 δοκεῖν
918 2411 1037 2496 σχεδόν
1049 2439 1078 2478 τι

31 2549 37 2556 ·
68 2516 229 2599 λέγοντας
250 2508 369 2598 ταύτά,
393 2509 477 2598 ὑπὲρ
494 2509 581 2599 ἡμᾶς
598 2512 674 2590 τούς
694 2510 817 2589 άλλους
834 2516 987 2596 φαίνεται
998 2507 1079 2598 ὑμῖν

68 2611 108 2681 τά
122 2615 279 2699 εἰρημένα
291 2616 453 2697 εἰρῆσθαι.
497 2616 582 2699 Ναί,
596 2611 700 2696 φάναι
714 2610 773 2678 τόν
783 2610 941 2698 Ζήνωνα,
962 2604 1080 2679 άΣά-

69 2736 197 2798 κρατες.
220 2707 308 2777 οὐδ’
324 2702 388 2777 οὖν
403 2710 466 2797 τὴν
484 2709 648 2796 άλήθειαν
666 2717 729 2777 τοῦ
740 2708 930 2796 γράμματος
941 2708 983 2777 οὐ
995 2734 1081 2778 παν-

70 2816 174 2896 ταχοῦ
189 2807 354 2896 ᾔσθησαι·
382 2816 489 2877 καίτοι
502 2807 612 2894 οἵσπερ
629 2835 667 2895 γε
685 2813 722 2876 αλ
736 2809 901 2877 Λάκαιναι
919 2810 1081 2890 σκύλακες
1100 2826 1120 2877 c

70 2900 109 2977 εὖ
131 2916 287 2995 μεταθεῖς
307 2933 343 2975 τε
361 2910 416 2976 καλ
433 2909 574 2995 ἰχνεύεις
584 2908 624 2977 τά
642 2912 818 2994 λεχθέντα·
842 2907 925 2977 άλλά
947 2917 1081 2994 πρῶτον

71 3010 133 3096 μέν
144 3026 184 3075 σε
201 3013 301 3074 τοῦτο
313 3009 494 3096 λανθάνει,
517 3005 621 3076 ὅτιού
634 3006 844 3074 παντάπασιν
856 3005 944 3075 οὕτω
957 3006 1081 3092 σεμνό-

71 3132 163 3175 νεται
174 3101 212 3172 τό
223 3104 376 3193 γράμμα,
396 3106 480 3176 ὥστε
491 3106 576 3194 άπερ
587 3103 631 3174 σύ
643 3108 747 3192 λέγεις
758 3107 939 3193 διανοηθὲν
950 3114 1082 3192 γραφῆ-

73 3234 137 3293 ναι,
149 3201 230 3283 τοὺς
241 3200 447 3290 ἀνθρώπους
464 3207 501 3275 δέ
518 3206 805 3294 ἐπικρυπτόμενον
817 3203 861 3284 ός
873 3230 904 3272 τι
914 3209 996 3292 μέγα
1008 3209 1082 3273 δια-

72 3303 317 3392 πραττόμενον·
341 3302 425 3372 άλλά
442 3303 485 3372 σι)
500 3304 561 3391 μὲν
578 3305 665 3384 εἶπες
681 3312 751 3373 τόν
762 3304 1024 3392 συμβεβηκότων
1039 3332 1081 3390 τι,

71 3411 140 3474 ἔστι
161 3404 199 3475 δὲ
219 3400 261 3472 τό
276 3429 314 3488 γε
331 3400 455 3492 ἀληθές
470 3405 614 3495 βοήθειά
625 3432 673 3489 τις
683 3412 790 3476 ταῦτα
801 3403 845 3476 τὰ
854 3404 1039 3496 γράμματα
1046 3411 1097 3484 «εἰς

914 3501 958 3562 νε
