2408 3780
61 151 78 207 7
405 140 722 199 ΣΤΜΠΟΣΙΟΝ.
1007 136 1068 201 145

58 300 104 388 μη
123 303 178 369 διά
195 304 301 388 μέθης
317 299 521 386 ποιήσασθαι
536 297 598 386 την
614 300 650 365 έν
662 305 708 387 τῷ
719 298 859 381 παρόντι
872 308 1065 381 συνουσίαν,

60 398 134 467 ἀλλ’
150 396 238 466 οὕτω
251 406 406 479 πίνοντας
417 396 500 484 πρὸς
510 395 645 484 ἡδονάν.

145 504 185 567 V.
227 494 354 584 Ἐπειδὴ
372 503 504 582 τοίνυν,
527 495 633 581 φάναι
649 491 945 583 τὸνἘρυξίμαχον,
967 509 1065 567 τούτο

59 598 121 683 μὲν
134 599 300 679 δέδοκται,
313 601 422 662 πίνειν
433 592 517 662 ὅσον
527 589 570 661 άν
580 595 716 673 ἕκαστος
726 596 904 682 βούληται,
920 598 1067 684 ἐπάναγ-

59 721 114 776 κες
126 694 161 764 δὲ
172 694 276 780 μηδὲν
288 691 381 780 εἰναι,
393 692 429 762 τὸ
443 691 522 778 μετὰ
535 700 631 760 τοῦτο
645 698 839 781 είσηγοῦμαι
850 694 912 783 την
923 699 984 783 μὲν
993 697 1066 781 άρτι

59 801 279 863 εἰσελθοῦσαν
297 789 478 877 αὐλητρίδα
496 800 620 877 χαίρειν
637 794 715 881 έᾷν,
739 791 911 863 αὐλοῦσαν
928 797 1027 883 ἑαυτῇ
1045 790 1066 881 ἢ

60 890 104 962 άν
118 891 278 981 βούληται
294 903 364 969 ταῖς
380 893 509 975 γυναιξί
525 903 594 968 ταῖς
607 895 721 976 ἔνδον,
745 889 831 977 ἡμᾶς
842 893 877 960 δὲ
889 892 942 960 διά
956 893 1066 979 λύγων

59 993 215 1080 άλληλοις
233 1003 383 1058 συνεῖναι
401 988 436 1056 τύ
460 989 617 1075 τήμερον·
640 992 695 1057 καὶ
717 988 761 1057 δι’
787 994 866 1058 ολων
888 992 1014 1078 λόγων,
1038 999 1068 1062 εἰ

28 1080 35 1093 “
58 1093 242 1181 βούλεσθε,
264 1091 370 1157 ἐθέλω
388 1085 468 1173 ύμῖν
485 1089 732 1175 εἰσηγήσασθαι.
765 1091 875 1159 Φάναι
887 1090 927 1179 δη
940 1091 1065 1172 πάντας
1085 1103 1134 1160 m

59 1193 137 1277 [καὶ]
156 1188 340 1277 βούλεσθαι
359 1188 414 1254 καὶ
432 1187 580 1254 κελεύειν
596 1185 700 1256 αύτόν
718 1194 928 1276 εἰσηγεῖσθαι.
962 1195 1064 1259 εἰπεῖν

58 1282 123 1355 οὖν
141 1286 199 1355 τὸν
216 1285 426 1371 Ἐρυξίμαχον
443 1282 494 1350 ὅτι
507 1281 548 1351 Ἡ
561 1290 621 1373 μέν
639 1313 694 1374 μοι
712 1286 794 1375 άρχη
812 1297 873 1358 τοῦ
885 1289 986 1374 λόγον
998 1292 1064 1356 ἐστὶ

58 1384 142 1455 κατά
159 1383 220 1472 την
232 1381 417 1471 Εὐριπίδου
434 1390 672 1473 Μελανίππην
693 1385 735 1454 ού
750 1385 814 1472 γάρ
827 1385 930 1472 έμόςὸ
944 1394 1063 1472 μῦθος,

58 1482 143 1554 άλλά
156 1487 306 1569 Φαίδρου
318 1488 432 1567 τοῦδε,
445 1481 485 1549 ὃν
497 1487 604 1569 μέλλω
616 1489 732 1570 λέγειν.
756 1490 899 1571 Φαῖδρος
910 1483 975 1570 γάρ
987 1486 1065 1552 ἑκά-

58 1607 152 1654 στοτε
164 1582 248 1671 πρός
256 1608 296 1669 με
308 1581 504 1668 ἀγανακτῶν
513 1585 598 1667 λέγει
611 1581 663 1650 Ού
674 1584 796 1670 δεινόν,
809 1591 922 1671 φησίν,
936 1576 1065 1668 άἘρυ-

58 1691 187 1771 ξίμαχε,
212 1682 324 1760 άλλοις
340 1685 402 1768 μέν
420 1703 484 1748 τισι
501 1690 594 1749 θεῶν
612 1681 739 1768 ὕμνους
756 1685 809 1749 καὶ
822 1690 969 1760 παιῶνας
981 1681 1065 1749 εἶναι

57 1782 121 1852 ὑπὸ
136 1791 204 1850 τοῖν
216 1789 360 1868 ποιητῶν
372 1786 628 1868 πεποιημένους,
641 1787 687 1870 τῷ
699 1779 870 1868 δέἚρωτι,
883 1781 1064 1872 τηλικούτῳ

58 1885 131 1954 ὄντι
149 1887 203 1952 καλ
221 1882 368 1972 τοσούτῳ
381 1889 453 1971 θεῷ
460 1934 467 1960 ,
479 1881 560 1967 μηδὲ
572 1882 631 1946 ἕνα
643 1878 773 1946 πώποτε
784 1881 955 1948 τοσούτων
966 1907 1062 1967 γεγο-
1081 1899 1101 1948 Β

60 1982 168 2052 νότων
186 1990 332 2068 ποιητολν
349 1984 564 2066 πεποιηκέναι
580 1979 685 2067 μηδὲν
695 1980 873 2066 έγκούμιον·
896 1987 925 2048 εί
935 1981 970 2048 δέ
981 1982 1065 2067 βού-

59 2092 107 2152 λει
126 2073 171 2149 αύ
187 2085 374 2161 σκέψασθαι
391 2078 470 2158 τούς
486 2077 649 2166 χρηστούς
670 2080 845 2167 σοφιστάς,
863 2077 1064 2164 Ἡρακλέους

58 2182 118 2268 μὲν
130 2180 184 2247 καὶ
195 2177 306 2247 άλλων
318 2183 472 2258 ἐπαίνους
484 2177 713 2263 καταλογάδην
725 2179 938 2266 ξυγγράφειν,
953 2179 1064 2262 ὥσπερ

58 2276 75 2346 ὁ
93 2279 261 2366 βέλτιστος
272 2276 451 2362 Πρόδικος·
474 2279 527 2345 καλ
545 2284 642 2344 τοῦτο
660 2277 720 2362 μὲν
736 2268 836 2363 ἧττον
855 2280 910 2345 καὶ
930 2287 1065 2364 θαυμα-

58 2377 155 2464 στόν,
177 2373 250 2443 ἄλλ’
271 2379 373 2461 ἔγωγε
384 2375 446 2463 ἥδη
459 2378 520 2443 τινὶ
532 2376 687 2461 ἐνέτυχον
697 2383 830 2465 βιβλίῳ,
855 2379 891 2444 έν
903 2369 931 2463 ᾦ
943 2381 1065 2462 ἐνῆσαν

10 2468 12 2545 J
57 2474 132 2555 άλες
144 2480 282 2543 ἔπαινον
293 2476 486 2560 θαυμάσιον
497 2480 624 2561 ἔχοντες
635 2474 717 2559 πρὸς
731 2471 903 2560 ωἰγέλειαν,
917 2477 970 2542 καὶ
981 2473 1065 2541 ἅλλα

10 2644 14 2651 ,
59 2581 195 2642 τοιαῦτα
213 2570 318 2658 συχνά
338 2576 421 2652 ίδοις
438 2568 481 2639 άν
498 2576 800 2662 έγκεκωμιασμένα·
820 2573 856 2642 τὰ
878 2565 1102 2641 οὖντοιού-(ἶ

11 2682 14 2687 ’
56 2699 123 2741 των
146 2674 209 2758 μὲν
232 2676 306 2757 πέρι
327 2669 455 2757 πολλὴν
478 2672 629 2761 σπονδὴν
651 2674 872 2761 ποιήσασθαι,
885 2671 1012 2758 Ἔρωτα
1030 2673 1065 2738 δὲ

57 2775 182 2859 μηδένα
200 2795 251 2837 πω
264 2766 457 2855 ἀνθρώπων
467 2778 698 2860 τετολμηκέναι
711 2779 756 2852 είς
766 2772 903 2859 ταυτηνὶ
913 2769 974 2858 την
985 2766 1065 2857 ἡμέ-

10 2938 12 2945 ,
58 2894 121 2954 ραν
133 2868 231 2952 άξίως
243 2868 405 2955 ὑμνῆσαι,
429 2867 502 2937 ἀλλ’
515 2870 621 2951 οὕτως
631 2870 790 2960 ἠμέληται
801 2878 958 2948 τοσοῦτος
969 2869 1064 2947 θεύς;

10 2954 15 3045 ᾗ
56 2974 159 3037 ταῦτα
178 2968 220 3054 δη’
231 2993 288 3055 μοι
299 2972 393 3036 δοκεῖ
401 2959 440 3034 εὖ
450 2973 558 3055 λέγειν
571 2977 724 3056 Φαῖδρος.
758 2969 821 3057 ἐγώ
834 2961 897 3036 ούν
909 2971 1064 3052 ἐπιθυμῶ

10 3056 19 3163 λ
55 3065 122 3153 ἅμα
133 3067 196 3154 μέν
205 3066 312 3157 τούτῳ
325 3073 446 3155 ἔρανον
456 3075 654 3157 εἰσενεγκεῖν
664 3073 718 3138 καὶ
728 3076 939 3156 χαρίσασθαι,
951 3063 1018 3150 άμα
1030 3063 1063 3132 δ’
1165 3106 1172 3112 -

10 3182 15 3261 y
55 3169 153 3256 ἐντῷ
173 3165 314 3253 παρόντι
331 3167 458 3252 πρέπον
475 3195 531 3254 μοι
548 3174 640 3238 δοκεῖ
655 3167 739 3236 εἶναι
750 3165 908 3254 ἡμῖντοῑς
919 3172 1063 3250 παροῦσι

10 3290 14 3365 ,²
54 3273 219 3353 κοσμῆσαι
230 3264 290 3333 τδν
300 3265 394 3334 θεόν.
427 3271 459 3335 εί
468 3259 532 3335 ούν
543 3271 696 3348 ξυνδοκεῖ
704 3269 759 3335 καὶ
771 3264 868 3352 ύμῖν,
882 3261 1006 3350 γένοιτ’
1019 3258 1063 3330 άν
1080 3276 1104 3326 Ι)
1131 3248 1144 3345 1

10 3436 12 3453 ,
55 3362 133 3452 ἡμῖν
139 3368 181 3514 ἐν
194 3364 303 3515 λύγῆις
313 3363 409 3452 ἱκανὴ
424 3366 589 3454 διατριβή·
613 3371 707 3434 δοκεῖ
713 3366 776 3451 γάρ
787 3391 843 3452 μοι
855 3371 971 3451 χρῆναι
985 3364 1065 3431 ἔκα-

161 3476 232 3514 ικτο
281 3505 288 3516 .
879 3467 919 3517 m
