<?xml version="1.0" encoding="UTF-8"?>
<!DOCTYPE html PUBLIC "-//W3C//DTD XHTML 1.0 Transitional//EN"
    "http://www.w3.org/TR/xhtml1/DTD/xhtml1-transitional.dtd">
<html xmlns="http://www.w3.org/1999/xhtml" xml:lang="en" lang="en">
 <head>
  <title>
</title>
<meta http-equiv="Content-Type" content="text/html;charset=utf-8" />
  <meta name='ocr-system' content='tesseract 3.04.00' />
  <meta name='ocr-capabilities' content='ocr_page ocr_carea ocr_par ocr_line ocrx_word'/>
</head>
<body>
  <div class='ocr_page' id='page_1' title='image "./dialogisecundum03platgoog_0306.png"; bbox 0 0 2408 3780; ppageno 0'>
   <div class='ocr_carea' id='block_1_1' title="bbox 60 144 1069 214">
    <p class='ocr_par' dir='ltr' id='par_1_1' title="bbox 60 144 1069 214">
     <span class='ocr_line' id='line_1_1' title="bbox 60 144 1069 214; baseline -0.014 0"><span class='ocrx_word' id='word_1_1' title='bbox 60 156 113 214; x_wconf 79' lang='lat'><strong><em>117</em></strong></span> <span class='ocrx_word' id='word_1_2' title='bbox 454 148 681 208; x_wconf 83' lang='grc' dir='ltr'><em>ΦΑΙΔΡΟΣ.</em></span> <span class='ocrx_word' id='word_1_3' title='bbox 1005 144 1069 209; x_wconf 77' lang='lat'><strong><em>255</em></strong></span> 
     </span>
    </p>
   </div>
   <div class='ocr_carea' id='block_1_2' title="bbox 24 300 1195 3469">
    <p class='ocr_par' dir='ltr' id='par_1_2' title="bbox 59 300 1106 592">
     <span class='ocr_line' id='line_1_2' title="bbox 60 300 1068 395; baseline -0.002 -18"><span class='ocrx_word' id='word_1_4' title='bbox 60 334 96 377; x_wconf 87' lang='grc' dir='ltr'><strong><em>τε</em></strong></span> <span class='ocrx_word' id='word_1_5' title='bbox 116 307 279 395; x_wconf 80' lang='grc' dir='ltr'><strong><em>βούληται</em></strong></span> <span class='ocrx_word' id='word_1_6' title='bbox 299 309 448 395; x_wconf 88' lang='grc' dir='ltr'><strong><em>οἰκτράς,</em></strong></span> <span class='ocrx_word' id='word_1_7' title='bbox 478 309 534 376; x_wconf 86' lang='grc' dir='ltr'><strong><em>καί</em></strong></span> <span class='ocrx_word' id='word_1_8' title='bbox 556 302 755 376; x_wconf 80' lang='grc' dir='ltr'><strong><em>τούναντίον</em></strong></span> <span class='ocrx_word' id='word_1_9' title='bbox 778 300 822 375; x_wconf 81' lang='grc' dir='ltr'><strong><em>αὖ</em></strong></span> <span class='ocrx_word' id='word_1_10' title='bbox 845 306 992 394; x_wconf 84' lang='grc' dir='ltr'><strong><em>φοβεράς</em></strong></span> <span class='ocrx_word' id='word_1_11' title='bbox 1013 310 1068 375; x_wconf 88' lang='grc' dir='ltr'><strong><em>καί</em></strong></span> 
     </span>
     <span class='ocr_line' id='line_1_3' title="bbox 59 402 1106 494; baseline -0.003 -20"><span class='ocrx_word' id='word_1_12' title='bbox 59 402 289 494; x_wconf 84' lang='grc' dir='ltr'><strong><em>άτιειλητικάς,</em></strong></span> <span class='ocrx_word' id='word_1_13' title='bbox 314 404 377 474; x_wconf 81' lang='grc' dir='ltr'><strong><em>ὅσα</em></strong></span> <span class='ocrx_word' id='word_1_14' title='bbox 393 405 425 473; x_wconf 90' lang='grc' dir='ltr'><strong><em>τ’</em></strong></span> <span class='ocrx_word' id='word_1_15' title='bbox 444 403 528 474; x_wconf 84' lang='grc' dir='ltr'><strong><em>άλλα</em></strong></span> <span class='ocrx_word' id='word_1_16' title='bbox 544 412 696 490; x_wconf 80' lang='grc' dir='ltr'><strong><em>τοιαῦτα,</em></strong></span> <span class='ocrx_word' id='word_1_17' title='bbox 718 407 774 474; x_wconf 87' lang='grc' dir='ltr'><strong><em>καί</em></strong></span> <span class='ocrx_word' id='word_1_18' title='bbox 796 405 964 474; x_wconf 76' lang='grc' dir='ltr'><strong><em>διδάσκων</em></strong></span> <span class='ocrx_word' id='word_1_19' title='bbox 983 402 1106 473; x_wconf 76' lang='grc' dir='ltr'><strong><em>αὐτάῑ)</em></strong></span> 
     </span>
     <span class='ocr_line' id='line_1_4' title="bbox 59 503 748 592; baseline -0.001 -20"><span class='ocrx_word' id='word_1_20' title='bbox 59 505 245 592; x_wconf 77' lang='grc' dir='ltr'><strong><em>τραγῳδίας</em></strong></span> <span class='ocrx_word' id='word_1_21' title='bbox 255 510 388 591; x_wconf 76' lang='grc' dir='ltr'><strong><em>ποίησιν</em></strong></span> <span class='ocrx_word' id='word_1_22' title='bbox 399 513 502 574; x_wconf 82' lang='grc' dir='ltr'><strong><em>οἰεται</em></strong></span> <span class='ocrx_word' id='word_1_23' title='bbox 512 503 748 587; x_wconf 82' lang='grc' dir='ltr'><strong><em>ααραδιδόναι;</em></strong></span> 
     </span>
    </p>

    <p class='ocr_par' dir='ltr' id='par_1_3' title="bbox 31 595 1069 988">
     <span class='ocr_line' id='line_1_5' title="bbox 31 595 1065 692; baseline 0.004 -23"><span class='ocrx_word' id='word_1_24' title='bbox 31 683 34 687; x_wconf 13' lang='grc' dir='ltr'><strong>Δ</strong></span> <span class='ocrx_word' id='word_1_25' title='bbox 146 607 238 671; x_wconf 83' lang='grc' dir='ltr'><em>ΦΑΙ.</em></span> <span class='ocrx_word' id='word_1_26' title='bbox 270 605 338 673; x_wconf 79' lang='grc' dir='ltr'><strong><em>Καὶ</em></strong></span> <span class='ocrx_word' id='word_1_27' title='bbox 355 595 449 673; x_wconf 80' lang='grc' dir='ltr'><strong><em>οὗτοι</em></strong></span> <span class='ocrx_word' id='word_1_28' title='bbox 467 602 527 687; x_wconf 89' lang='grc' dir='ltr'><strong><em>άν,</em></strong></span> <span class='ocrx_word' id='word_1_29' title='bbox 551 595 780 689; x_wconf 77' lang='grc' dir='ltr'><strong><em>άΣάκρατες,</em></strong></span> <span class='ocrx_word' id='word_1_30' title='bbox 797 603 904 692; x_wconf 78' lang='grc' dir='ltr'><strong><em>οἶμαι,</em></strong></span> <span class='ocrx_word' id='word_1_31' title='bbox 928 630 1065 691; x_wconf 65' lang='grc' dir='ltr'><strong><em>κάταγε</em></strong></span> 
     </span>
     <span class='ocr_line' id='line_1_6' title="bbox 59 697 1069 793; baseline -0.003 -19"><span class='ocrx_word' id='word_1_32' title='bbox 59 711 165 793; x_wconf 79' lang='grc' dir='ltr'><strong><em>λςόεν,</em></strong></span> <span class='ocrx_word' id='word_1_33' title='bbox 186 711 221 772; x_wconf 87' lang='grc' dir='ltr'><strong><em>εἰ</em></strong></span> <span class='ocrx_word' id='word_1_34' title='bbox 232 727 281 781; x_wconf 87' lang='grc' dir='ltr'><strong><em>τις</em></strong></span> <span class='ocrx_word' id='word_1_35' title='bbox 292 711 396 771; x_wconf 88' lang='grc' dir='ltr'><strong><em>οἰεται</em></strong></span> <span class='ocrx_word' id='word_1_36' title='bbox 407 705 595 792; x_wconf 76' lang='grc' dir='ltr'><strong><em>τραγῳδίαν</em></strong></span> <span class='ocrx_word' id='word_1_37' title='bbox 605 700 729 771; x_wconf 86' lang='grc' dir='ltr'><strong><em>άλλοτι</em></strong></span> <span class='ocrx_word' id='word_1_38' title='bbox 739 697 856 788; x_wconf 77' lang='grc' dir='ltr'><strong><em>εἰναιῆ</em></strong></span> <span class='ocrx_word' id='word_1_39' title='bbox 867 701 928 790; x_wconf 80' lang='grc' dir='ltr'><strong><em>τὴν</em></strong></span> <span class='ocrx_word' id='word_1_40' title='bbox 939 702 1069 771; x_wconf 83' lang='grc' dir='ltr'><strong><em>τούτων</em></strong></span> 
     </span>
     <span class='ocr_line' id='line_1_7' title="bbox 59 798 1069 891; baseline 0 -20"><span class='ocrx_word' id='word_1_41' title='bbox 59 801 222 871; x_wconf 80' lang='grc' dir='ltr'><strong><em>σύστασιν</em></strong></span> <span class='ocrx_word' id='word_1_42' title='bbox 238 806 450 889; x_wconf 77' lang='grc' dir='ltr'><strong><em>τρέπουσαν,</em></strong></span> <span class='ocrx_word' id='word_1_43' title='bbox 471 798 626 889; x_wconf 79' lang='grc' dir='ltr'><strong><em>ἀλληλοις</em></strong></span> <span class='ocrx_word' id='word_1_44' title='bbox 642 825 676 868; x_wconf 87' lang='grc' dir='ltr'><strong><em>τε</em></strong></span> <span class='ocrx_word' id='word_1_45' title='bbox 694 801 813 889; x_wconf 76' lang='grc' dir='ltr'><strong><em>καὶτῷ</em></strong></span> <span class='ocrx_word' id='word_1_46' title='bbox 830 798 899 891; x_wconf 76' lang='grc' dir='ltr'><strong><em>δλςο</em></strong></span> <span class='ocrx_word' id='word_1_47' title='bbox 911 821 1069 871; x_wconf 83' lang='grc' dir='ltr'><strong><em>συνιστα-</em></strong></span> 
     </span>
     <span class='ocr_line' id='line_1_8' title="bbox 58 902 173 988; baseline -0.026 -19"><span class='ocrx_word' id='word_1_48' title='bbox 58 902 173 988; x_wconf 80' lang='grc' dir='ltr'><strong><em>μένην.</em></strong></span> 
     </span>
    </p>

    <p class='ocr_par' dir='ltr' id='par_1_4' title="bbox 56 993 1104 1976">
     <span class='ocr_line' id='line_1_9' title="bbox 144 993 1065 1088; baseline 0.004 -23"><span class='ocrx_word' id='word_1_49' title='bbox 144 1003 219 1066; x_wconf 77' lang='grc' dir='ltr'><strong><em>Σίδ.</em></strong></span> <span class='ocrx_word' id='word_1_50' title='bbox 249 995 334 1066; x_wconf 80' lang='grc' dir='ltr'><strong><em>Ἀλλ’</em></strong></span> <span class='ocrx_word' id='word_1_51' title='bbox 349 995 411 1067; x_wconf 85' lang='grc' dir='ltr'><strong><em>οάκ</em></strong></span> <span class='ocrx_word' id='word_1_52' title='bbox 423 993 467 1066; x_wconf 86' lang='grc' dir='ltr'><strong><em>άν</em></strong></span> <span class='ocrx_word' id='word_1_53' title='bbox 478 996 641 1086; x_wconf 74' lang='grc' dir='ltr'><strong><em>ἀγροίκως</em></strong></span> <span class='ocrx_word' id='word_1_54' title='bbox 650 1024 698 1085; x_wconf 86' lang='grc' dir='ltr'><strong><em>γε,</em></strong></span> <span class='ocrx_word' id='word_1_55' title='bbox 711 997 811 1086; x_wconf 86' lang='grc' dir='ltr'><strong><em>οίμοιι,</em></strong></span> <span class='ocrx_word' id='word_1_56' title='bbox 823 1000 1065 1088; x_wconf 85' lang='grc' dir='ltr'><strong><em>λοιδορήσειαν,</em></strong></span> 
     </span>
     <span class='ocr_line' id='line_1_10' title="bbox 57 1090 1067 1189; baseline 0.001 -23"><span class='ocrx_word' id='word_1_57' title='bbox 57 1093 134 1173; x_wconf 76' lang='grc' dir='ltr'><strong><em>ἀλλ’</em></strong></span> <span class='ocrx_word' id='word_1_58' title='bbox 155 1095 266 1183; x_wconf 81' lang='grc' dir='ltr'><strong><em>άίστιερ</em></strong></span> <span class='ocrx_word' id='word_1_59' title='bbox 283 1090 326 1163; x_wconf 86' lang='grc' dir='ltr'><strong><em>άυ</em></strong></span> <span class='ocrx_word' id='word_1_60' title='bbox 342 1093 502 1182; x_wconf 79' lang='grc' dir='ltr'><strong><em>μουσικὰς</em></strong></span> <span class='ocrx_word' id='word_1_61' title='bbox 519 1094 665 1184; x_wconf 78' lang='grc' dir='ltr'><strong><em>ἐντυχάν</em></strong></span> <span class='ocrx_word' id='word_1_62' title='bbox 681 1095 779 1186; x_wconf 85' lang='grc' dir='ltr'><strong><em>άνδρί</em></strong></span> <span class='ocrx_word' id='word_1_63' title='bbox 798 1102 938 1189; x_wconf 78' lang='grc' dir='ltr'><strong><em>οἰομένω</em></strong></span> <span class='ocrx_word' id='word_1_64' title='bbox 960 1096 1067 1186; x_wconf 84' lang='grc' dir='ltr'><strong><em>ἁρμο-</em></strong></span> 
     </span>
     <span class='ocr_line' id='line_1_11' title="bbox 57 1192 1066 1286; baseline 0 -21"><span class='ocrx_word' id='word_1_65' title='bbox 57 1201 144 1284; x_wconf 78' lang='grc' dir='ltr'><strong><em>νικῷ</em></strong></span> <span class='ocrx_word' id='word_1_66' title='bbox 161 1192 264 1281; x_wconf 87' lang='grc' dir='ltr'><strong><em>εἰναι,</em></strong></span> <span class='ocrx_word' id='word_1_67' title='bbox 286 1192 338 1263; x_wconf 81' lang='grc' dir='ltr'><strong><em>ὅτι</em></strong></span> <span class='ocrx_word' id='word_1_68' title='bbox 355 1195 395 1283; x_wconf 79' lang='grc' dir='ltr'><strong><em>δη</em></strong></span> <span class='ocrx_word' id='word_1_69' title='bbox 412 1196 568 1283; x_wconf 77' lang='grc' dir='ltr'><strong><em>τυγχάνει</em></strong></span> <span class='ocrx_word' id='word_1_70' title='bbox 580 1195 793 1286; x_wconf 75' lang='grc' dir='ltr'><strong><em>ἐπιστάμενος</em></strong></span> <span class='ocrx_word' id='word_1_71' title='bbox 804 1194 848 1277; x_wconf 76' lang='grc' dir='ltr'><strong><em>ὡς</em></strong></span> <span class='ocrx_word' id='word_1_72' title='bbox 858 1192 932 1266; x_wconf 84' lang='grc' dir='ltr'><strong><em>οίόν</em></strong></span> <span class='ocrx_word' id='word_1_73' title='bbox 942 1224 976 1266; x_wconf 89' lang='grc' dir='ltr'><strong><em>τε</em></strong></span> <span class='ocrx_word' id='word_1_74' title='bbox 987 1194 1066 1280; x_wconf 85' lang='grc' dir='ltr'><strong><em>ὀξυ-</em></strong></span> 
     </span>
     <span class='ocr_line' id='line_1_12' title="bbox 57 1293 1104 1386; baseline 0 -22"><span class='ocrx_word' id='word_1_75' title='bbox 57 1295 163 1382; x_wconf 88' lang='grc' dir='ltr'><strong><em>τάτην</em></strong></span> <span class='ocrx_word' id='word_1_76' title='bbox 181 1295 236 1364; x_wconf 88' lang='grc' dir='ltr'><strong><em>καί</em></strong></span> <span class='ocrx_word' id='word_1_77' title='bbox 251 1297 444 1383; x_wconf 74' lang='grc' dir='ltr'><strong><em>βαρυτάτην</em></strong></span> <span class='ocrx_word' id='word_1_78' title='bbox 461 1294 588 1384; x_wconf 80' lang='grc' dir='ltr'><strong><em>χορδὴν</em></strong></span> <span class='ocrx_word' id='word_1_79' title='bbox 605 1311 728 1383; x_wconf 76' lang='grc' dir='ltr'><strong><em>ποιεῖν,</em></strong></span> <span class='ocrx_word' id='word_1_80' title='bbox 751 1294 814 1366; x_wconf 81' lang='grc' dir='ltr'><strong><em>οὐκ</em></strong></span> <span class='ocrx_word' id='word_1_81' title='bbox 836 1293 959 1386; x_wconf 85' lang='grc' dir='ltr'><strong><em>άγρίως</em></strong></span> <span class='ocrx_word' id='word_1_82' title='bbox 979 1305 1104 1365; x_wconf 77' lang='grc' dir='ltr'><strong><em>εἰτοιΕ</em></strong></span> 
     </span>
     <span class='ocr_line' id='line_1_13' title="bbox 59 1386 1065 1487; baseline -0.003 -24"><span class='ocrx_word' id='word_1_83' title='bbox 59 1391 122 1463; x_wconf 87' lang='grc' dir='ltr'><strong><em>άν·</em></strong></span> <span class='ocrx_word' id='word_1_84' title='bbox 135 1386 332 1482; x_wconf 77' lang='grc' dir='ltr'><strong><em>ὦμοχθηρέ,</em></strong></span> <span class='ocrx_word' id='word_1_85' title='bbox 343 1404 557 1487; x_wconf 74' lang='grc' dir='ltr'><strong><em>μελαγχολᾷς,</em></strong></span> <span class='ocrx_word' id='word_1_86' title='bbox 571 1392 647 1464; x_wconf 81' lang='grc' dir='ltr'><strong><em>ἀλλ’</em></strong></span> <span class='ocrx_word' id='word_1_87' title='bbox 659 1393 716 1464; x_wconf 89' lang='grc' dir='ltr'><strong><em>άτε</em></strong></span> <span class='ocrx_word' id='word_1_88' title='bbox 726 1394 885 1482; x_wconf 80' lang='grc' dir='ltr'><strong><em>μουσικὰς</em></strong></span> <span class='ocrx_word' id='word_1_89' title='bbox 898 1390 946 1462; x_wconf 76' lang='grc' dir='ltr'><strong><em>άν</em></strong></span> <span class='ocrx_word' id='word_1_90' title='bbox 957 1395 1065 1479; x_wconf 85' lang='grc' dir='ltr'><strong><em>πραό-</em></strong></span> 
     </span>
     <span class='ocr_line' id='line_1_14' title="bbox 57 1486 1065 1582; baseline -0.006 -18"><span class='ocrx_word' id='word_1_91' title='bbox 57 1519 159 1581; x_wconf 85' lang='grc' dir='ltr'><strong><em>τερον</em></strong></span> <span class='ocrx_word' id='word_1_92' title='bbox 178 1491 247 1581; x_wconf 83' lang='grc' dir='ltr'><strong><em>ὄτι,</em></strong></span> <span class='ocrx_word' id='word_1_93' title='bbox 265 1486 434 1580; x_wconf 80' lang='grc' dir='ltr'><strong><em>άάριστε,</em></strong></span> <span class='ocrx_word' id='word_1_94' title='bbox 457 1491 586 1582; x_wconf 77' lang='grc' dir='ltr'><strong><em>ἀνάγκη</em></strong></span> <span class='ocrx_word' id='word_1_95' title='bbox 603 1495 665 1581; x_wconf 72' lang='grc' dir='ltr'><strong><em>μὲν</em></strong></span> <span class='ocrx_word' id='word_1_96' title='bbox 681 1496 737 1562; x_wconf 87' lang='grc' dir='ltr'><strong><em>καί</em></strong></span> <span class='ocrx_word' id='word_1_97' title='bbox 755 1492 850 1561; x_wconf 82' lang='grc' dir='ltr'><strong><em>ταῦτ’</em></strong></span> <span class='ocrx_word' id='word_1_98' title='bbox 868 1496 1065 1561; x_wconf 74' lang='grc' dir='ltr'><strong><em>ἐπίστασθαι</em></strong></span> 
     </span>
     <span class='ocr_line' id='line_1_15' title="bbox 56 1590 1065 1680; baseline -0.003 -16"><span class='ocrx_word' id='word_1_99' title='bbox 56 1592 120 1664; x_wconf 87' lang='grc' dir='ltr'><strong><em>τδν</em></strong></span> <span class='ocrx_word' id='word_1_100' title='bbox 130 1597 290 1680; x_wconf 77' lang='grc' dir='ltr'><strong><em>μέλλοντα</em></strong></span> <span class='ocrx_word' id='word_1_101' title='bbox 301 1590 484 1679; x_wconf 87' lang='grc' dir='ltr'><strong><em>άρμονικὸν</em></strong></span> <span class='ocrx_word' id='word_1_102' title='bbox 494 1597 647 1678; x_wconf 76' lang='grc' dir='ltr'><strong><em>ἔσεσθαι,</em></strong></span> <span class='ocrx_word' id='word_1_103' title='bbox 662 1590 763 1662; x_wconf 69' lang='grc' dir='ltr'><strong><em>οὐδὲν</em></strong></span> <span class='ocrx_word' id='word_1_104' title='bbox 773 1591 841 1679; x_wconf 79' lang='grc' dir='ltr'><strong><em>μὴν</em></strong></span> <span class='ocrx_word' id='word_1_105' title='bbox 851 1593 972 1661; x_wconf 80' lang='grc' dir='ltr'><strong><em>κωλύει</em></strong></span> <span class='ocrx_word' id='word_1_106' title='bbox 982 1592 1065 1679; x_wconf 76' lang='grc' dir='ltr'><strong><em>μηδὲ</em></strong></span> 
     </span>
     <span class='ocr_line' id='line_1_16' title="bbox 57 1687 1063 1780; baseline -0.002 -20"><span class='ocrx_word' id='word_1_107' title='bbox 57 1688 202 1779; x_wconf 79' lang='grc' dir='ltr'><strong><em>σμικρὸν</em></strong></span> <span class='ocrx_word' id='word_1_108' title='bbox 223 1687 381 1779; x_wconf 78' lang='grc' dir='ltr'><strong><em>ἁρμονίας</em></strong></span> <span class='ocrx_word' id='word_1_109' title='bbox 400 1696 528 1761; x_wconf 80' lang='grc' dir='ltr'><strong><em>ἐπαΐειν</em></strong></span> <span class='ocrx_word' id='word_1_110' title='bbox 544 1689 605 1762; x_wconf 82' lang='grc' dir='ltr'><strong><em>τὰν</em></strong></span> <span class='ocrx_word' id='word_1_111' title='bbox 621 1689 684 1780; x_wconf 80' lang='grc' dir='ltr'><strong><em>την</em></strong></span> <span class='ocrx_word' id='word_1_112' title='bbox 702 1691 766 1779; x_wconf 77' lang='grc' dir='ltr'><strong><em>σὴν</em></strong></span> <span class='ocrx_word' id='word_1_113' title='bbox 783 1692 851 1772; x_wconf 70' lang='grc' dir='ltr'><strong><em>ἕξιν</em></strong></span> <span class='ocrx_word' id='word_1_114' title='bbox 868 1696 999 1777; x_wconf 77' lang='grc' dir='ltr'><strong><em>ἔχοντα’</em></strong></span> <span class='ocrx_word' id='word_1_115' title='bbox 1024 1690 1063 1758; x_wconf 81' lang='grc' dir='ltr'><strong><em>τά</em></strong></span> 
     </span>
     <span class='ocr_line' id='line_1_17' title="bbox 57 1785 1064 1881; baseline -0.002 -22"><span class='ocrx_word' id='word_1_116' title='bbox 57 1790 122 1878; x_wconf 83' lang='grc' dir='ltr'><strong><em>γάρ</em></strong></span> <span class='ocrx_word' id='word_1_117' title='bbox 144 1787 209 1877; x_wconf 86' lang='grc' dir='ltr'><strong><em>τιρδ</em></strong></span> <span class='ocrx_word' id='word_1_118' title='bbox 227 1786 387 1877; x_wconf 85' lang='grc' dir='ltr'><strong><em>άρμονίας</em></strong></span> <span class='ocrx_word' id='word_1_119' title='bbox 404 1788 566 1878; x_wconf 81' lang='grc' dir='ltr'><strong><em>άναγκαῖα</em></strong></span> <span class='ocrx_word' id='word_1_120' title='bbox 582 1790 762 1881; x_wconf 76' lang='grc' dir='ltr'><strong><em>μαθήματα</em></strong></span> <span class='ocrx_word' id='word_1_121' title='bbox 778 1793 964 1874; x_wconf 81' lang='grc' dir='ltr'><strong><em>ἐπίστασαι,</em></strong></span> <span class='ocrx_word' id='word_1_122' title='bbox 990 1785 1064 1858; x_wconf 77' lang='grc' dir='ltr'><strong><em>ἀλλ’</em></strong></span> 
     </span>
     <span class='ocr_line' id='line_1_18' title="bbox 57 1887 339 1976; baseline 0 -17"><span class='ocrx_word' id='word_1_123' title='bbox 57 1887 102 1959; x_wconf 82' lang='grc' dir='ltr'><strong><em>οὐ</em></strong></span> <span class='ocrx_word' id='word_1_124' title='bbox 111 1889 151 1959; x_wconf 83' lang='grc' dir='ltr'><strong><em>τά</em></strong></span> <span class='ocrx_word' id='word_1_125' title='bbox 163 1887 339 1976; x_wconf 77' lang='grc' dir='ltr'><strong><em>ἁρμονικά.</em></strong></span> 
     </span>
    </p>

    <p class='ocr_par' dir='ltr' id='par_1_5' title="bbox 143 1986 504 2076">
     <span class='ocr_line' id='line_1_19' title="bbox 143 1986 504 2076; baseline 0.008 -20"><span class='ocrx_word' id='word_1_126' title='bbox 143 1996 233 2058; x_wconf 85' lang='grc' dir='ltr'><em>ΦΑΙ.</em></span> <span class='ocrx_word' id='word_1_127' title='bbox 261 1986 504 2076; x_wconf 76' lang='grc' dir='ltr'><strong><em>Ὀρδότατάγε.</em></strong></span> 
     </span>
    </p>

    <p class='ocr_par' dir='ltr' id='par_1_6' title="bbox 24 2085 1134 2377">
     <span class='ocr_line' id='line_1_20' title="bbox 142 2085 1134 2179; baseline 0.005 -23"><span class='ocrx_word' id='word_1_128' title='bbox 142 2095 218 2156; x_wconf 76' lang='grc' dir='ltr'><strong><em>Σίδ.</em></strong></span> <span class='ocrx_word' id='word_1_129' title='bbox 252 2085 390 2156; x_wconf 74' lang='grc' dir='ltr'><strong><em>Οὐκοῦν</em></strong></span> <span class='ocrx_word' id='word_1_130' title='bbox 400 2089 455 2156; x_wconf 81' lang='grc' dir='ltr'><strong><em>καὶ</em></strong></span> <span class='ocrx_word' id='word_1_131' title='bbox 466 2086 483 2155; x_wconf 88' lang='grc' dir='ltr'>ὁ</span> <span class='ocrx_word' id='word_1_132' title='bbox 496 2097 675 2179; x_wconf 77' lang='grc' dir='ltr'><strong><em>Σοφοκλῆς</em></strong></span> <span class='ocrx_word' id='word_1_133' title='bbox 683 2091 744 2162; x_wconf 89' lang='grc' dir='ltr'><strong><em>τόν</em></strong></span> <span class='ocrx_word' id='word_1_134' title='bbox 754 2111 870 2177; x_wconf 86' lang='grc' dir='ltr'><strong><em>σφισιν</em></strong></span> <span class='ocrx_word' id='word_1_135' title='bbox 879 2089 1066 2161; x_wconf 79' lang='grc' dir='ltr'><strong><em>ἐπιδεικνά-</em></strong></span> <span class='ocrx_word' id='word_1_136' title='bbox 1081 2104 1134 2161; x_wconf 69' lang='lat'><strong><em>269</em></strong></span> 
     </span>
     <span class='ocr_line' id='line_1_21' title="bbox 24 2184 1065 2280; baseline 0.001 -23"><span class='ocrx_word' id='word_1_137' title='bbox 24 2251 28 2257; x_wconf 93' lang='lat'>.</span> <span class='ocrx_word' id='word_1_138' title='bbox 55 2212 162 2276; x_wconf 92' lang='grc' dir='ltr'><strong><em>μενον</em></strong></span> <span class='ocrx_word' id='word_1_139' title='bbox 170 2184 212 2255; x_wconf 86' lang='grc' dir='ltr'><strong><em>τά</em></strong></span> <span class='ocrx_word' id='word_1_140' title='bbox 224 2185 288 2273; x_wconf 85' lang='grc' dir='ltr'><strong><em>τερδ</em></strong></span> <span class='ocrx_word' id='word_1_141' title='bbox 301 2193 485 2278; x_wconf 76' lang='grc' dir='ltr'><strong><em>τραγῳδίας</em></strong></span> <span class='ocrx_word' id='word_1_142' title='bbox 494 2184 538 2257; x_wconf 88' lang='grc' dir='ltr'><strong><em>άν</em></strong></span> <span class='ocrx_word' id='word_1_143' title='bbox 550 2197 631 2278; x_wconf 85' lang='grc' dir='ltr'><strong><em>φαίη</em></strong></span> <span class='ocrx_word' id='word_1_144' title='bbox 643 2188 771 2260; x_wconf 83' lang='grc' dir='ltr'><strong><em>άλλόά</em></strong></span> <span class='ocrx_word' id='word_1_145' title='bbox 781 2189 822 2260; x_wconf 88' lang='grc' dir='ltr'><strong><em>τά</em></strong></span> <span class='ocrx_word' id='word_1_146' title='bbox 832 2191 988 2280; x_wconf 87' lang='grc' dir='ltr'><strong><em>τραγικά,</em></strong></span> <span class='ocrx_word' id='word_1_147' title='bbox 1010 2193 1065 2259; x_wconf 83' lang='grc' dir='ltr'><strong><em>καλ</em></strong></span> 
     </span>
     <span class='ocr_line' id='line_1_22' title="bbox 56 2283 917 2377; baseline 0.001 -22"><span class='ocrx_word' id='word_1_148' title='bbox 56 2284 75 2355; x_wconf 89' lang='grc' dir='ltr'>ὁ</span> <span class='ocrx_word' id='word_1_149' title='bbox 93 2283 290 2374; x_wconf 74' lang='grc' dir='ltr'><strong><em>Ἀκουμενδς</em></strong></span> <span class='ocrx_word' id='word_1_150' title='bbox 301 2286 341 2356; x_wconf 88' lang='grc' dir='ltr'><strong><em>τά</em></strong></span> <span class='ocrx_word' id='word_1_151' title='bbox 352 2287 417 2375; x_wconf 83' lang='grc' dir='ltr'><strong><em>τιρὸ</em></strong></span> <span class='ocrx_word' id='word_1_152' title='bbox 430 2295 576 2377; x_wconf 79' lang='grc' dir='ltr'><strong><em>ἰατρικῆς</em></strong></span> <span class='ocrx_word' id='word_1_153' title='bbox 587 2288 662 2359; x_wconf 76' lang='grc' dir='ltr'><strong><em>ἄλλ’</em></strong></span> <span class='ocrx_word' id='word_1_154' title='bbox 673 2286 715 2357; x_wconf 80' lang='grc' dir='ltr'><strong><em>οὐ</em></strong></span> <span class='ocrx_word' id='word_1_155' title='bbox 726 2286 767 2357; x_wconf 86' lang='grc' dir='ltr'><strong><em>τά</em></strong></span> <span class='ocrx_word' id='word_1_156' title='bbox 779 2290 917 2376; x_wconf 88' lang='grc' dir='ltr'><strong><em>ἰατρικά.</em></strong></span> 
     </span>
    </p>

    <p class='ocr_par' dir='ltr' id='par_1_7' title="bbox 146 2380 777 2474">
     <span class='ocr_line' id='line_1_23' title="bbox 146 2380 777 2474; baseline 0.002 -20"><span class='ocrx_word' id='word_1_157' title='bbox 146 2391 236 2455; x_wconf 88' lang='grc' dir='ltr'><em>ΦΑΙ.</em></span> <span class='ocrx_word' id='word_1_158' title='bbox 269 2385 467 2456; x_wconf 81' lang='grc' dir='ltr'><strong><em>Παντάπασι</em></strong></span> <span class='ocrx_word' id='word_1_159' title='bbox 478 2389 539 2474; x_wconf 74' lang='grc' dir='ltr'><strong><em>μὲν</em></strong></span> <span class='ocrx_word' id='word_1_160' title='bbox 550 2380 622 2455; x_wconf 79' lang='grc' dir='ltr'><strong><em>οὖν.</em></strong></span> <span class='ocrx_word' id='word_1_161' title='bbox 774 2431 777 2435; x_wconf 37' lang='grc'><em>’</em></span> 
     </span>
    </p>

    <p class='ocr_par' dir='ltr' id='par_1_8' title="bbox 55 2484 1195 3469">
     <span class='ocr_line' id='line_1_24' title="bbox 142 2484 1065 2576; baseline 0.001 -24"><span class='ocrx_word' id='word_1_162' title='bbox 142 2492 217 2552; x_wconf 88' lang='lat' dir='ltr'>LIII.</span> <span class='ocrx_word' id='word_1_163' title='bbox 259 2492 333 2553; x_wconf 75' lang='grc' dir='ltr'><strong><em>ΣΩ.</em></strong></span> <span class='ocrx_word' id='word_1_164' title='bbox 370 2492 412 2554; x_wconf 90' lang='grc' dir='ltr'><strong><em>Τί</em></strong></span> <span class='ocrx_word' id='word_1_165' title='bbox 420 2489 459 2554; x_wconf 82' lang='grc' dir='ltr'><strong><em>δέ</em></strong></span> <span class='ocrx_word' id='word_1_166' title='bbox 464 2514 473 2567; x_wconf 78' lang='grc' dir='ltr'><strong><em>ς</em></strong></span> <span class='ocrx_word' id='word_1_167' title='bbox 489 2484 550 2555; x_wconf 85' lang='grc' dir='ltr'><strong><em>τδν</em></strong></span> <span class='ocrx_word' id='word_1_168' title='bbox 561 2495 743 2576; x_wconf 88' lang='grc' dir='ltr'><strong><em>μελίγηρυν</em></strong></span> <span class='ocrx_word' id='word_1_169' title='bbox 754 2487 941 2573; x_wconf 77' lang='grc' dir='ltr'><strong><em>’Ἀδράστου</em></strong></span> <span class='ocrx_word' id='word_1_170' title='bbox 952 2484 1065 2572; x_wconf 86' lang='grc' dir='ltr'><strong><em>οἰόμε-</em></strong></span> 
     </span>
     <span class='ocr_line' id='line_1_25' title="bbox 56 2579 1065 2674; baseline -0.001 -20"><span class='ocrx_word' id='word_1_171' title='bbox 56 2579 139 2671; x_wconf 76' lang='grc' dir='ltr'><strong><em>δαῆ</em></strong></span> <span class='ocrx_word' id='word_1_172' title='bbox 149 2587 204 2653; x_wconf 83' lang='grc' dir='ltr'><strong><em>καὶ</em></strong></span> <span class='ocrx_word' id='word_1_173' title='bbox 214 2587 395 2671; x_wconf 80' lang='grc' dir='ltr'><strong><em>Περικλέα,</em></strong></span> <span class='ocrx_word' id='word_1_174' title='bbox 419 2592 450 2655; x_wconf 93' lang='grc' dir='ltr'><strong><em>εί</em></strong></span> <span class='ocrx_word' id='word_1_175' title='bbox 464 2583 646 2656; x_wconf 82' lang='grc' dir='ltr'><strong><em>ἀκούσειαν</em></strong></span> <span class='ocrx_word' id='word_1_176' title='bbox 657 2579 937 2674; x_wconf 78' lang='grc' dir='ltr'><strong><em>άννῠνδηὴμείς</em></strong></span> <span class='ocrx_word' id='word_1_177' title='bbox 948 2589 1065 2673; x_wconf 79' lang='grc' dir='ltr'><strong><em>διῇμεν</em></strong></span> 
     </span>
     <span class='ocr_line' id='line_1_26' title="bbox 55 2685 1064 2775; baseline 0.001 -22"><span class='ocrx_word' id='word_1_178' title='bbox 55 2691 126 2753; x_wconf 83' lang='grc' dir='ltr'><strong><em>τιδν</em></strong></span> <span class='ocrx_word' id='word_1_179' title='bbox 137 2685 318 2770; x_wconf 81' lang='grc' dir='ltr'><strong><em>παγκάλων</em></strong></span> <span class='ocrx_word' id='word_1_180' title='bbox 328 2686 556 2775; x_wconf 82' lang='grc' dir='ltr'><strong><em>τεχνημάτων,</em></strong></span> <span class='ocrx_word' id='word_1_181' title='bbox 577 2694 809 2775; x_wconf 73' lang='grc' dir='ltr'><strong><em>βραχυλογιοῖν</em></strong></span> <span class='ocrx_word' id='word_1_182' title='bbox 823 2711 858 2754; x_wconf 87' lang='grc' dir='ltr'><strong><em>τε</em></strong></span> <span class='ocrx_word' id='word_1_183' title='bbox 869 2686 924 2754; x_wconf 88' lang='grc' dir='ltr'><strong><em>καί</em></strong></span> <span class='ocrx_word' id='word_1_184' title='bbox 934 2689 1064 2754; x_wconf 88' lang='grc' dir='ltr'><strong><em>είκονο-</em></strong></span> 
     </span>
     <span class='ocr_line' id='line_1_27' title="bbox 57 2780 1191 2879; baseline 0 -27"><span class='ocrx_word' id='word_1_185' title='bbox 57 2793 181 2869; x_wconf 77' lang='grc' dir='ltr'><strong><em>λογιων</em></strong></span> <span class='ocrx_word' id='word_1_186' title='bbox 196 2787 252 2853; x_wconf 86' lang='grc' dir='ltr'><strong><em>καλ</em></strong></span> <span class='ocrx_word' id='word_1_187' title='bbox 267 2784 330 2854; x_wconf 81' lang='grc' dir='ltr'><strong><em>ὅσα</em></strong></span> <span class='ocrx_word' id='word_1_188' title='bbox 347 2785 431 2854; x_wconf 87' lang='grc' dir='ltr'><strong><em>άλλα</em></strong></span> <span class='ocrx_word' id='word_1_189' title='bbox 448 2785 641 2866; x_wconf 76' lang='grc' dir='ltr'><strong><em>διελθόντες</em></strong></span> <span class='ocrx_word' id='word_1_190' title='bbox 651 2783 710 2854; x_wconf 82' lang='grc' dir='ltr'><strong><em>ὑπ’</em></strong></span> <span class='ocrx_word' id='word_1_191' title='bbox 724 2780 830 2876; x_wconf 82' lang='grc' dir='ltr'><strong><em>ᾳάγάς</em></strong></span> <span class='ocrx_word' id='word_1_192' title='bbox 842 2790 968 2872; x_wconf 81' lang='grc' dir='ltr'><strong><em>ἔφαμεν</em></strong></span> <span class='ocrx_word' id='word_1_193' title='bbox 979 2782 1064 2853; x_wconf 88' lang='grc' dir='ltr'><strong><em>εἰναι</em></strong></span> <span class='ocrx_word' id='word_1_194' title='bbox 1188 2874 1191 2879; x_wconf 27' lang='grc' dir='ltr'>Ι</span> 
     </span>
     <span class='ocr_line' id='line_1_28' title="bbox 57 2880 1165 2972; baseline -0.003 -20"><span class='ocrx_word' id='word_1_195' title='bbox 57 2887 214 2968; x_wconf 83' lang='grc' dir='ltr'><strong><em>σκεπτία,</em></strong></span> <span class='ocrx_word' id='word_1_196' title='bbox 235 2884 377 2972; x_wconf 83' lang='grc' dir='ltr'><strong><em>πότερον</em></strong></span> <span class='ocrx_word' id='word_1_197' title='bbox 386 2893 535 2972; x_wconf 76' lang='grc' dir='ltr'><strong><em>χαλεπῶς</em></strong></span> <span class='ocrx_word' id='word_1_198' title='bbox 546 2880 740 2971; x_wconf 80' lang='grc' dir='ltr'><strong><em>άναάτοάς,</em></strong></span> <span class='ocrx_word' id='word_1_199' title='bbox 762 2881 874 2969; x_wconf 72' lang='grc' dir='ltr'><strong><em>ω”σττερ</em></strong></span> <span class='ocrx_word' id='word_1_200' title='bbox 886 2881 950 2970; x_wconf 77' lang='grc' dir='ltr'><strong><em>ἰγά</em></strong></span> <span class='ocrx_word' id='word_1_201' title='bbox 960 2908 995 2951; x_wconf 89' lang='grc' dir='ltr'><strong><em>τε</em></strong></span> <span class='ocrx_word' id='word_1_202' title='bbox 1008 2883 1064 2951; x_wconf 85' lang='grc' dir='ltr'><strong><em>καί</em></strong></span> <span class='ocrx_word' id='word_1_203' title='bbox 1082 2897 1104 2948; x_wconf 88' lang='grc' dir='ltr'><strong>Β</strong></span> <span class='ocrx_word' id='word_1_204' title='bbox 1162 2924 1165 2929; x_wconf 95' lang='grc'><strong>-</strong></span> 
     </span>
     <span class='ocr_line' id='line_1_29' title="bbox 56 2979 1176 3073; baseline -0.005 -23"><span class='ocrx_word' id='word_1_205' title='bbox 56 2983 119 3068; x_wconf 84' lang='grc' dir='ltr'><strong><em>σά,</em></strong></span> <span class='ocrx_word' id='word_1_206' title='bbox 144 2980 204 3051; x_wconf 74' lang='grc' dir='ltr'><strong><em>ὑπ’</em></strong></span> <span class='ocrx_word' id='word_1_207' title='bbox 227 2982 399 3070; x_wconf 75' lang='grc' dir='ltr'><strong><em>ἀγροικίας</em></strong></span> <span class='ocrx_word' id='word_1_208' title='bbox 421 2985 509 3073; x_wconf 75' lang='grc' dir='ltr'><strong><em>ρημά</em></strong></span> <span class='ocrx_word' id='word_1_209' title='bbox 530 3011 562 3053; x_wconf 91' lang='grc' dir='ltr'><strong><em>τι</em></strong></span> <span class='ocrx_word' id='word_1_210' title='bbox 582 2991 687 3055; x_wconf 71' lang='grc' dir='ltr'><strong><em>εἰπεῖν</em></strong></span> <span class='ocrx_word' id='word_1_211' title='bbox 704 2981 906 3053; x_wconf 88' lang='grc' dir='ltr'><strong><em>άτιαίδευτον</em></strong></span> <span class='ocrx_word' id='word_1_212' title='bbox 923 2986 969 3060; x_wconf 89' lang='grc' dir='ltr'><strong><em>εἰς</em></strong></span> <span class='ocrx_word' id='word_1_213' title='bbox 984 2979 1064 3059; x_wconf 87' lang='grc' dir='ltr'><strong><em>τοδς</em></strong></span> <span class='ocrx_word' id='word_1_214' title='bbox 1173 3040 1176 3045; x_wconf 90' lang='grc'><strong><em>,</em></strong></span> 
     </span>
     <span class='ocr_line' id='line_1_30' title="bbox 56 3077 1063 3172; baseline -0.004 -22"><span class='ocrx_word' id='word_1_215' title='bbox 56 3089 161 3151; x_wconf 83' lang='grc' dir='ltr'><strong><em>ταῦτα</em></strong></span> <span class='ocrx_word' id='word_1_216' title='bbox 178 3083 386 3171; x_wconf 85' lang='grc' dir='ltr'><strong><em>γεγραφότας</em></strong></span> <span class='ocrx_word' id='word_1_217' title='bbox 401 3112 438 3154; x_wconf 88' lang='grc' dir='ltr'><strong><em>τε</em></strong></span> <span class='ocrx_word' id='word_1_218' title='bbox 449 3089 503 3155; x_wconf 87' lang='grc' dir='ltr'><strong><em>καί</em></strong></span> <span class='ocrx_word' id='word_1_219' title='bbox 515 3084 733 3164; x_wconf 85' lang='grc' dir='ltr'><strong><em>διδάσκοντας</em></strong></span> <span class='ocrx_word' id='word_1_220' title='bbox 750 3081 796 3162; x_wconf 80' lang='grc' dir='ltr'><strong><em>ὡς</em></strong></span> <span class='ocrx_word' id='word_1_221' title='bbox 812 3077 993 3172; x_wconf 74' lang='grc' dir='ltr'><strong><em>ῥητορικὴν</em></strong></span> <span class='ocrx_word' id='word_1_222' title='bbox 1008 3081 1063 3147; x_wconf 82' lang='grc' dir='ltr'><strong><em>τί·</em></strong></span> 
     </span>
     <span class='ocr_line' id='line_1_31' title="bbox 56 3177 1063 3272; baseline -0.002 -24"><span class='ocrx_word' id='word_1_223' title='bbox 56 3207 158 3268; x_wconf 91' lang='grc' dir='ltr'><strong><em>χνην,</em></strong></span> <span class='ocrx_word' id='word_1_224' title='bbox 180 3179 277 3268; x_wconf 74' lang='grc' dir='ltr'><strong><em>ἧάτε</em></strong></span> <span class='ocrx_word' id='word_1_225' title='bbox 297 3179 393 3271; x_wconf 71' lang='grc' dir='ltr'><strong><em>ἡμῶν</em></strong></span> <span class='ocrx_word' id='word_1_226' title='bbox 402 3183 501 3263; x_wconf 75' lang='grc' dir='ltr'><strong><em>ὄντας</em></strong></span> <span class='ocrx_word' id='word_1_227' title='bbox 512 3186 723 3270; x_wconf 83' lang='grc' dir='ltr'><strong><em>σοφωτέρους</em></strong></span> <span class='ocrx_word' id='word_1_228' title='bbox 733 3177 799 3251; x_wconf 86' lang='grc' dir='ltr'><strong><em>κάν</em></strong></span> <span class='ocrx_word' id='word_1_229' title='bbox 809 3187 880 3272; x_wconf 76' lang='grc' dir='ltr'><strong><em>νῷν</em></strong></span> <span class='ocrx_word' id='word_1_230' title='bbox 891 3182 1063 3265; x_wconf 76' lang='grc' dir='ltr'><strong><em>ἐπιπλῆξαι</em></strong></span> 
     </span>
     <span class='ocr_line' id='line_1_32' title="bbox 58 3273 1195 3370; baseline 0.003 -24"><span class='ocrx_word' id='word_1_231' title='bbox 58 3280 227 3359; x_wconf 78' lang='grc' dir='ltr'><strong><em>εἰπόντος’·</em></strong></span> <span class='ocrx_word' id='word_1_232' title='bbox 240 3273 268 3349; x_wconf 81' lang='grc' dir='ltr'><strong><em>ά</em></strong></span> <span class='ocrx_word' id='word_1_233' title='bbox 280 3287 405 3367; x_wconf 80' lang='grc' dir='ltr'><strong><em>Φοίδρέ</em></strong></span> <span class='ocrx_word' id='word_1_234' title='bbox 414 3309 450 3351; x_wconf 90' lang='grc' dir='ltr'><strong><em>τε</em></strong></span> <span class='ocrx_word' id='word_1_235' title='bbox 460 3284 516 3352; x_wconf 83' lang='grc' dir='ltr'><strong><em>καί</em></strong></span> <span class='ocrx_word' id='word_1_236' title='bbox 526 3282 717 3370; x_wconf 73' lang='grc' dir='ltr'><strong><em>Σώκρατες,</em></strong></span> <span class='ocrx_word' id='word_1_237' title='bbox 730 3279 773 3350; x_wconf 80' lang='grc' dir='ltr'><strong><em>οὐ</em></strong></span> <span class='ocrx_word' id='word_1_238' title='bbox 781 3279 843 3369; x_wconf 77' lang='grc' dir='ltr'><strong><em>χρὴ</em></strong></span> <span class='ocrx_word' id='word_1_239' title='bbox 854 3287 1063 3368; x_wconf 72' lang='grc' dir='ltr'><strong><em>χαλεπαίνειν</em></strong></span> <span class='ocrx_word' id='word_1_240' title='bbox 1193 3344 1195 3349; x_wconf 92' lang='grc'>.</span> 
     </span>
     <span class='ocr_line' id='line_1_33' title="bbox 57 3377 1063 3469; baseline 0.002 -23"><span class='ocrx_word' id='word_1_241' title='bbox 57 3377 141 3447; x_wconf 85' lang='grc' dir='ltr'><strong><em>άλλά</em></strong></span> <span class='ocrx_word' id='word_1_242' title='bbox 154 3380 426 3466; x_wconf 76' lang='grc' dir='ltr'><strong><em>συγγιγνώσκειν,</em></strong></span> <span class='ocrx_word' id='word_1_243' title='bbox 439 3391 473 3451; x_wconf 84' lang='grc' dir='ltr'><strong><em>εἰ</em></strong></span> <span class='ocrx_word' id='word_1_244' title='bbox 478 3408 564 3462; x_wconf 86' lang='grc' dir='ltr'><strong><em>τινες</em></strong></span> <span class='ocrx_word' id='word_1_245' title='bbox 575 3379 620 3469; x_wconf 74' lang='grc' dir='ltr'><strong><em>μὴ</em></strong></span> <span class='ocrx_word' id='word_1_246' title='bbox 632 3379 842 3468; x_wconf 81' lang='grc' dir='ltr'><strong><em>ἐπιστάμενοι</em></strong></span> <span class='ocrx_word' id='word_1_247' title='bbox 853 3381 1063 3466; x_wconf 73' lang='grc' dir='ltr'><strong><em>διαλέγεσθαι</em></strong></span> 
     </span>
    </p>
   </div>
   <div class='ocr_carea' id='block_1_3' title="bbox 0 0 1208 3780">
    <p class='ocr_par' dir='ltr' id='par_1_9' title="bbox 0 0 1208 3780">
     <span class='ocr_line' id='line_1_34' title="bbox 0 0 1208 3780; baseline 0 0"><span class='ocrx_word' id='word_1_248' title='bbox 0 0 1208 3780; x_wconf 95' lang='lat' dir='ltr'><strong><em> </em></strong></span> 
     </span>
    </p>
   </div>
  </div>
 </body>
</html>
