2408 3780
450 200 688 258 ΦΙΛΗΒΟΣ.
1009 199 1068 261 115

148 367 270 427 XXXll.
315 364 390 426 ΣΩ.
427 357 564 426 Οὐκοῦν
581 356 635 425 ὅτε
658 367 796 444 μετρίως
817 358 879 445 ἤδη
902 366 1106 451 &ampl-c

63 469 152 544 μεθα
168 461 267 544 χωρίς
284 458 341 535 τοὶς
359 482 393 523 τε
410 452 563 536 καθαρὰς
579 451 702 540 ἡδονὰς
719 454 842 535 καὶτὰς
856 458 974 544 σχεδὸν
985 457 1068 527 ἅκα-

65 558 213 643 θοέρτους
229 555 341 640 ὀρθῶς
357 550 399 622 δυ
418 559 604 640 λεχθείσας,
626 561 828 638 προσθῶμεν
840 562 887 646 τῷ
899 557 987 647 λόγῳ
999 573 1068 638 ταίς

65 658 125 741 μὲν
142 658 304 740 σφοδραῖς
321 651 454 740 ἡδοναῖς
473 650 646 737 ἀμετρίαν,
668 664 738 728 ταῖς
756 650 790 717 δὲ
809 651 852 737 μὴ
871 652 1067 725 τούναντίον

66 757 253 839 ἐμμετρίαν·
277 753 332 819 καὶ
342 748 378 817 τὸ
393 754 475 836 μέγα
487 752 541 816 καί
551 746 587 816 τό
600 747 750 834 σφοδρδυ
763 743 822 838 αὖ,
843 755 898 821 καὶ
910 756 1067 834 πολλάκις

66 853 117 917 καί
137 847 282 934 ὀλιγάκις
298 852 494 935 γιγνομένας
512 845 681 930 τοιαύτας,
705 856 786 935 [τῆς]
804 859 865 917 τοῦ
882 851 1020 940 οέπείρου
1032 881 1066 921 τε

66 950 192 1015 ἐκείνου
210 949 265 1015 καὶ
280 939 379 1033 ἦττον
395 949 450 1014 καί
466 953 593 1031 μᾶλλον
612 946 664 1012 διοὶ
682 972 716 1013 τε
734 948 884 1033 σώματος
895 955 950 1019 καὶ
962 959 1067 1039 ψυχῆς

68 1047 252 1131 φερομένου
269 1051 473 1130 προσθῶμεν
490 1042 603 1122 αὐταῖς
619 1041 702 1111 εἶναι
713 1050 846 1133 γε’νους,
870 1064 940 1129 ταῖς
952 1049 987 1118 δὲ
998 1057 1066 1117 τῶν
1085 1074 1105 1123 ι)

69 1147 241 1228 ἐμμέτρων.

148 1248 248 1308 Hm.
276 1240 458 1326 Ὀρθότατα
469 1247 589 1328 λέγεις,
603 1234 826 1326 ῶΣωκρατες.

147 1347 221 1408 ΣΩ.
246 1339 318 1408 Ἔτι
334 1347 451 1407 τοίνυν
467 1338 548 1426 πρὸς
564 1340 692 1418 τούτοις
709 1339 788 1425 μετὰ
800 1349 902 1409 ταῦτα
914 1343 988 1410 τόδε
1004 1341 1066 1410 αὐ·

73 1447 131 1506 τῶν
143 1441 346 1507 διαθεατέον.

147 1544 247 1605 Hm.
283 1536 451 1615 Τόποίον;

146 1643 219 1704 ΣΩ.
247 1644 288 1703 Τί
297 1661 376 1704 ποτε
386 1633 447 1722 χρὴ
461 1637 565 1720 φοῖναι
575 1633 658 1720 πρὸς
670 1633 831 1720 ἀληθειαν
843 1632 942 1713 εἷναι;
953 1635 990 1702 τὸ
1004 1664 1065 1703 κα-

77 1735 175 1820 θαρόν
192 1762 226 1803 τε
244 1736 299 1802 καὶ
316 1739 489 1818 εἰλικρινές
495 1785 504 1818 ,
526 1729 595 1819 ἦτὸ
609 1733 740 1817 σφόδρα
751 1758 785 1799 τε
798 1735 851 1800 καί
864 1731 900 1801 τδ
914 1732 1065 1804 πολύκαὶ

27 1836 29 1841 ’
77 1830 192 1919 τδμέγα
203 1831 304 1902 καὶτὸ
317 1834 450 1910 ίκανόυ;

27 1954 33 2017 ς·
146 1938 248 2000 Hm.
285 1938 328 1999 Τί
343 1929 416 1998 ποτ’
436 1930 518 2020 ἄρα,
541 1923 568 1998 οἷ
586 1930 779 2019 Σώκρατες,
802 1934 925 2023 ἐρωτᾷς
939 1934 1065 2023 βουλό-

79 2052 175 2114 ιενοιι

145 2138 218 2199 ΣΩ.
253 2134 389 2216 Μηδέν,
401 2122 429 2198 οἷ
440 2130 633 2216 Πρώταρχε,
647 2134 824 2200 ἐπιλείπειν
834 2137 973 2218 ἐλέγχων
983 2131 1064 2220 ἡδο-

79 2233 126 2310 λῆς
140 2256 172 2298 τε
189 2232 244 2298 καὶ
262 2229 452 2315 ἐπιστήμης,
475 2234 505 2296 εί
520 2227 556 2296 τό
569 2231 629 2314 μὲν
640 2229 696 2316 ἄρ’
710 2228 821 2298 αὐτῶν
832 2233 990 2319 ἑκατέρου
1002 2259 1059 2298 κα·
1081 2253 1100 2301 Ε

78 2328 170 2412 δαρόν
180 2334 248 2396 ἐστι
254 2379 264 2413 ,
276 2327 313 2396 τδ
325 2325 357 2395 δ’
371 2325 411 2396 οὐ
423 2328 591 2413 καθαρόν,
609 2332 663 2395 ἵνα
675 2326 829 2413 καθαρὸν
840 2330 998 2411 ἑκάτερον
1010 2329 1062 2397 ίδυ

79 2425 114 2499 εἰς
125 2424 182 2512 τήν
198 2433 308 2509 κρίσιν
319 2428 389 2512 ἐμοὶ
402 2429 455 2494 καί
467 2428 519 2494 σοὶ
529 2428 583 2493 καί
596 2426 759 2505 ξυνοίκασι
771 2431 880 2494 τοῖσδε
891 2428 962 2516 ῥᾴω
975 2451 1061 2516 παρ-

41 2554 44 2559 ·
81 2518 124 2605 ἕχρ
132 2521 190 2609 τὴν
199 2531 318 2607 κρίσιν.

144 2628 244 2691 nm.
274 2619 466 2708 Ὀρθότατα.

143 2728 216 2788 Σίδ.
240 2719 309 2789 Ἴθι
320 2721 377 2807 δή,
399 2723 473 2806 περὶ
483 2721 635 2808 πάντων,
659 2720 721 2788 ὅσα
732 2722 865 2808 καθαροὶ
876 2725 954 2812 γε’νη
967 2728 1062 2811 λέγο-

45 2818 50 2823 ’
80 2833 139 2900 λεν,
159 2816 282 2887 οὑτωσὶ
304 2823 554 2907 διανοηθῶμεν·
582 2820 797 2906 προελόμενοι
818 2831 951 2909 πρῶτον
971 2825 1009 2892 ἓν
1031 2851 1062 2891 τι

79 2910 299 3004 διασκοπῶμεν.
1078 2936 1111 2989 ἐῶ

42 3030 46 3035 “
143 3023 245 3085 Hm.
281 3024 322 3086 Τί
331 3009 395 3086 οὖν
406 3018 642 3106 προελῶμεθα;

42 3134 48 3143 ‘
144 3123 218 3184 Σίδ.
254 3113 299 3184 Τὸ
311 3113 432 3185 λευκδν
443 3120 479 3184 έν
490 3131 557 3197 τοίς
568 3126 717 3202 πρῶτον,
741 3121 772 3184 εί
779 3115 910 3203 βούλει,
927 3115 1060 3183 θιασῶ-

79 3219 260 3302 μεθαγίνος.

143 3321 242 3384 Hm.
275 3306 530 3400 Πάνυμδνοῦν.

145 3420 216 3481 ΣΩ.
247 3419 328 3492 Πῶς
347 3405 410 3481 οὖν
431 3408 475 3480 δν
497 3418 621 3482 λευκοῦ
642 3413 698 3481 καὶ
714 3415 764 3492 τίς
780 3407 1077 3561 παθαρὲτμηςὴρῑυ

1158 3444 1182 3593 3
