2408 3780
159 178 221 245 112
517 175 803 237 ΠΛΑΤΩΝΟΣ

242 345 345 407 Hm.
377 337 510 423 Ἀληθῆ.

115 453 134 503 Β
242 442 317 504 Σόδ.
353 432 488 520 Μήνόει
506 430 545 519 δή
561 438 625 497 νῦν
636 427 653 497 ὁ
666 429 765 515 λόγος
775 426 854 515 ἡμῖν
864 434 903 498 ἐν
912 431 1053 518 θρήνοις
1063 459 1090 500 τι

159 536 196 603 ἐν
213 535 423 621 τραγῳδίαις,
446 529 489 616 μή
509 542 577 606 τοῖς
592 525 736 613 δράμασι
753 527 860 612 μόνον
870 524 953 595 ἄλλά
966 536 1006 615 τῇ
1016 535 1077 596 τοῦ
1087 576 1090 611 1

161 629 314 718 ξυμπάσῃ
330 630 497 718 τραγῳδίᾳ
508 628 563 694 καὶ
574 629 745 715 κωμῳδίᾳ,
767 623 875 703 λύπας
884 622 1018 710 ἡδοναῖς
1029 624 1090 711 άμο

161 730 367 817 ράννυσθαι,
379 729 433 795 καὶ
444 729 482 795 ἐν
493 723 603 804 ἄλλοις
614 722 654 811 δή
667 729 804 810 μυρίοις.

245 832 346 893 Hm.
376 822 559 892 Ἀδύνατον
569 822 613 910 μή
625 819 798 909 ὁμολογεῖν
810 829 928 906 ταῦτα,
941 813 968 888 οἳ
978 821 1090 907 Σόαρι

162 930 192 992 εἰ
203 932 259 991 ιιαῖ
267 950 315 1001 τις
326 931 509 1007 φιλονειαοῖ
518 921 608 989 πάνυ
619 917 702 1005 πρὸς
713 916 877 986 τάναντία.

246 1027 341 1088 XXX.
385 1026 460 1087 ΣΩ.
490 1017 609 1104 Ὀργήυ
626 1015 763 1105 μήνκαὶ
781 1017 891 1084 πόθον
902 1018 957 1084 καὶ
968 1023 1090 1103 θρήνυι

163 1117 274 1203 φόβον
290 1120 344 1184 καὶ
364 1123 468 1203 ἔρωτα
485 1117 539 1183 καὶ
557 1121 655 1201 ζῆλον
672 1118 726 1183 παῖ
737 1112 1090 1201 φθόνονπρούθέμεθι

126 1236 145 1288 c
164 1212 272 1282 ὁπόσα
282 1222 432 1299 τοιαῦτα,
444 1216 481 1280 ἐν
492 1209 540 1290 οἷς
550 1217 676 1298 ἔφαμεν
689 1208 841 1298 εὑρήσειν
852 1212 1038 1298 μιγνύμενα
1047 1210 1088 1279 τά

163 1310 320 1391 πολλάκις
331 1310 499 1396 λεγόμενα.
522 1301 635 1396 ήγάρ;

246 1416 349 1478 Hm.
378 1413 455 1476 Ναί.

246 1514 321 1576 ΣΩ.
344 1506 579 1592 Μανθάνομεν
591 1498 664 1590 οὖν,
676 1502 726 1574 ὅτι
736 1505 870 1593 θρήνου
880 1507 954 1588 πέρι
964 1507 1018 1571 καὶ
1031 1514 1090 1590 φθι

163 1608 216 1673 καὶ
232 1604 335 1692 ὀργῆς
344 1605 452 1672 πάντα
463 1606 531 1673 ἐστὶ
541 1602 581 1672 τά
594 1612 658 1672 νῦν
672 1602 712 1690 δή
724 1606 1004 1691 διαπερανθέντα;

246 1710 348 1771 ΠΡΩ.
383 1701 589 1791 Παῖςγάροδ
599 1701 831 1790 μανθάνομεν;

248 1807 323 1869 Σδλ.
357 1797 495 1869 Οὐκοῦν
505 1801 610 1870 πολλά
622 1807 669 1869 ἔτι
680 1800 719 1869 τά
730 1801 844 1882 λοιπάς

248 1905 352 1967 Hm.
385 1902 451 1966 Καὶ
462 1898 552 1965 πάνυ
563 1924 609 1984 γε.

248 2004 322 2066 ΣΩ.
353 1993 420 2064 Διά
439 1995 479 2082 δή
499 2001 532 2062 τί
546 1996 685 2082 μάλισθ’
699 1995 941 2084 ὑπολαμβάνεις
951 2024 991 2084 με
1004 2002 1090 2078 δεῖξα

164 2095 223 2182 τήν
233 2099 268 2163 ἐν
279 2103 318 2183 τῇ
329 2098 485 2182 κωμῳδίᾳ
496 2100 600 2180 μῖξινς
612 2086 667 2180 ἆρ’
683 2095 723 2162 οὐ
734 2100 870 2174 πίστεως
880 2095 986 2180 χάριν,
998 2094 1049 2164 ὅτι
1059 2124 1090 2182 v,

124 2214 145 2263 1)
165 2198 201 2261 ἐν
221 2209 287 2272 τοῖς
308 2194 426 2279 φόβοις
443 2195 498 2259 καὶ
515 2199 615 2278 ἔρωσι
632 2195 685 2261 καὶ
703 2207 768 2271 τοῖς
786 2191 895 2271 ἄλλοις
912 2193 1030 2282 ῥᾴδιον
1048 2220 1089 2278 ιιρ

164 2296 336 2372 ἐπιδεῖξαι·
358 2291 505 2378 λαβόντα
522 2295 559 2359 δὲ
576 2298 674 2358 τοῦτο
687 2288 775 2375 παρά
788 2299 900 2380 σαυτῷ
911 2289 1046 2376 άφεῖναί
1053 2318 1090 2377 με

163 2396 231 2461 κε’τι
251 2388 303 2460 ἐπ’
328 2394 436 2458 ἐκεῖνα
459 2391 554 2458 ἰόντα
577 2394 647 2457 δεῖν
663 2388 824 2476 μηκύνειν
839 2386 918 2467 τούς
935 2390 1071 2474 λόγους,

163 2490 277 2567 ἁπλοῖς
293 2496 407 2575 λαβεῖν
423 2498 539 2573 τοῦτο,
562 2487 614 2554 ὅτι
630 2489 685 2556 καὶ
698 2493 791 2573 σῶμα
803 2485 886 2555 ἄνευ
896 2495 1001 2573 ψυχῆς
1012 2489 1090 2566 καλή

164 2588 247 2654 ἄνευ
265 2587 415 2671 σώματος
432 2589 599 2672 καὶκοινῇ
617 2583 687 2669 μετ’
707 2584 859 2670 άλλήλυν
870 2587 907 2653 ἐν
918 2599 985 2664 τοῖς
996 2585 1089 2670 ποθή

164 2683 267 2769 μεστά
286 2685 354 2749 ἐστι
367 2685 633 2769 συγκεκραμένης
644 2679 766 2769 ήδονής
776 2684 910 2765 λύπαιςς
935 2676 1090 2752 νόνοῦνι

165 2779 288 2863 πότερα
306 2778 405 2864 άφίής
421 2775 494 2865 μεή
505 2785 606 2866 μέσας
616 2781 763 2865 ποιήσεις
773 2781 910 2862 νάκτας;
933 2782 1034 2852 εἰπάν
1046 2787 1082 2852 δὲ

166 2873 229 2959 κρά
245 2874 336 2960 οἶμαί
344 2895 407 2943 σου
417 2876 594 2955 τεύξεσθαι
604 2885 759 2964 μεθεῖναί
765 2905 821 2964 με·
841 2881 1045 2966 τοότωνγάρ
1059 2880 1090 2949 άι

127 2990 147 3040 Ε
165 3000 233 3041 των
250 2971 370 3055 αὔριον
388 2974 538 3059 ἐθελήσω
558 2994 611 3042 σοι
621 2975 723 3061 λόγον
734 2980 869 3063 δοῦναι,
890 2978 930 3046 τά
943 2988 1007 3046 νῦν
1018 2981 1054 3048 δὲ
1066 2984 1090 3048 ἐι

165 3067 263 3137 λοιπά
272 3068 437 3156 βούλομαι
453 3076 647 3141 στέλλεσθαι
664 3073 747 3160 πρὸς
765 3073 825 3161 τήν
844 3065 1011 3162 κρίσιν’ἢν
1026 3085 1088 3147 Φίλ

164 3192 333 3236 επιταττει.

249 3268 351 3334 nm.
383 3272 502 3349 Καλῶς
520 3268 622 3356 εἶπες,
646 3263 673 3339 οἷ
684 3271 879 3357 Σώκρατες·
901 3272 976 3343 ἀλλ’
989 3272 1052 3343 ὅσα
1071 3283 1089 3342 λ

164 3358 245 3448 ἡμῖν
255 3364 400 3440 διέξελθε
412 3363 477 3455 όπή
488 3388 542 3437 σοι
553 3378 661 3453 φίλον,
