2408 3780
165 159 207 220 22
522 163 809 224 ΠΛΑΤΩΝΟΣ

164 325 204 405 τῇ
216 317 313 407 οάσίμ
325 319 361 387 τδ
372 320 494 405 ἕτερον.
525 320 694 406 Πιδςγάρς
720 327 761 389 Τί
774 315 855 401 οάνς
878 323 935 391 έάν
947 325 1168 412 προελώμεθα

131 429 151 482 c
168 414 280 483 αὐτῶν
297 425 360 485 εἴτε
375 417 489 505 βούλει
505 416 567 504 τὴν
582 415 701 486 οάσίαν
717 422 772 488 καὶ
782 419 819 488 τδ
832 422 947 507 ἕτερον
958 430 1021 491 είτε
1035 420 1097 508 τὴν
1107 422 1168 490 οὐ·

167 520 243 582 σίαν
253 515 308 582 καὶ
323 512 360 583 τό
378 518 415 583 ἓν
428 524 492 584 εἴτε
502 513 539 583 τὸ
552 519 590 584 ἓν
600 518 655 584 καὶ
665 514 703 585 τδ
714 519 844 603 ἕτερον,
856 510 914 601 ἀρ’
925 516 988 589 οὐκ
999 523 1036 587 έν
1047 521 1167 607 ἑκάστη

166 619 207 698 τῇ
217 616 406 696 προαιρέσει
415 613 668 699 προαιρούμεθά
677 640 746 682 τινε
759 611 785 682 οἳ
796 613 909 701 ὀρθῶς
919 621 983 703 ἔχει
993 625 1167 686 καλεῖσθαι

166 706 359 794 ἀμφοτέρως
377 717 470 789 Πῶςς
483 703 576 777 Ὧδε·
593 715 681 778 ἔστιν
693 710 811 782 οὐσίαν
823 718 944 797 είπείνς
957 713 1078 782 Ἔστιν.
1102 716 1168 782 Καὶ

166 798 267 884 αὖθις
279 813 382 874 είπείν
393 809 446 887 ένς
467 810 533 876 Καὶ
550 815 658 876 τοῦτο.
687 801 758 896 Ἆρ’
777 803 841 878 οὖν
857 808 917 898 οὐχ
936 811 1092 896 ἑκάτερον
1103 809 1167 877 αύ-

166 917 238 987 τοίν
250 911 391 988 είρηται;
413 911 491 972 Ναί.
535 911 577 972 Τί
584 903 617 972 δ’
629 904 711 974 ὅταν
721 916 803 976 είπω
814 906 911 977 οάσία
922 935 957 977 τε
968 911 1023 977 καί
1037 910 1089 994 έν,
1102 901 1166 992 ἀρα

166 998 228 1068 οὐκ
246 998 437 1088 ἀμφοτέρως
459 1003 559 1071 Πάνυ
576 1029 623 1088 γε.
668 1002 806 1073 Οὐκοῦν
823 1009 877 1073 καὶ
888 1005 948 1074 ίάν
958 1004 1055 1074 οὐσία
1066 1031 1100 1073 τε
1111 1008 1166 1072 καὶ

165 1099 280 1183 ἕτερον
290 1095 312 1185 ἦ
322 1101 438 1186 ἕτερόν
448 1127 482 1169 τε
494 1103 549 1169 καὶ
558 1103 606 1184 έν,
618 1104 672 1169 καὶ
680 1099 768 1170 οὕτω
780 1112 952 1191 πανταχῶς
964 1102 1012 1190 ἐφ’
1025 1103 1166 1171 ἑκάστου

124 1215 145 1266 θ
165 1194 266 1282 ἀμφω
286 1202 388 1283 λέγως
410 1204 487 1267 Ναί.
522 1195 565 1266 Ὦ
576 1195 608 1266 δ’
627 1193 670 1266 ἀν
680 1199 781 1286 ἀμφω
793 1198 905 1284 ὀρθῶς
915 1200 1166 1287 προσαγορεύη-

165 1304 269 1378 σθον,
282 1289 347 1380 ἀρα
359 1291 432 1364 οἷόν
442 1323 478 1364 τε
488 1295 588 1383 ἀμφω
599 1296 660 1382 μὲν
670 1294 761 1364 αάτά
774 1296 873 1376 εἶναι,
892 1299 952 1366 δύο
965 1298 1000 1366 δὲ
1011 1297 1072 1383 μής
1095 1295 1166 1381 Οὐχ

165 1388 239 1462 οἷάν
248 1420 292 1462 τε.
318 1393 360 1462 Ὦ
371 1394 402 1462 δ’
416 1391 459 1463 ἀν
470 1396 532 1464 δύο
543 1389 634 1482 ἦτον,
648 1401 716 1463 ἔστι
725 1423 774 1475 τις
786 1394 914 1483 μηχανὴ
925 1392 970 1482 μὴ
981 1393 1041 1480 οὐχ
1053 1395 1166 1463 ἑκάτε·

166 1518 227 1577 ρον
238 1489 354 1560 αὐτοῖν
365 1496 402 1560 ἓν
413 1492 512 1576 εἶναις
534 1492 689 1581 Οὐδεμία.
716 1494 853 1562 Τούτων
864 1492 929 1580 ἀρα
939 1496 1070 1580 ἐπείπερ
1081 1492 1166 1560 σάν-

166 1593 227 1658 δυο
239 1592 359 1659 ἕκαστα
371 1595 542 1680 ξυμβαίνει
552 1590 652 1679 εἶναι,
671 1594 726 1662 καὶ
738 1596 775 1660 ἓν
785 1588 828 1660 ἀν
838 1602 889 1680 είη
899 1593 1048 1661 ἕκαστον.
1082 1599 1167 1659 Φαί-

165 1715 264 1758 νεται.
297 1694 342 1757 Ei
357 1689 393 1757 δὲ
410 1693 448 1758 ἓν
465 1690 605 1758 ἕκαστον
622 1688 734 1760 αὐτῶν
751 1695 834 1778 ἐστί,
860 1692 1080 1769 συντεθέντος
1092 1689 1166 1767 ἑνὸς

165 1784 348 1854 ὁποιουοῦν
363 1784 515 1876 ᾑτινιοῦν
529 1793 666 1878 συζυγίᾳ
680 1787 721 1856 οὐ
738 1795 811 1872 τρία
828 1795 972 1873 γίγνεται
988 1785 1028 1854 τά
1040 1788 1164 1866 πάντας

166 1889 243 1950 Ναί.
277 1890 358 1967 Τρία
371 1883 406 1952 δέ
417 1881 458 1951 οὐ
470 1888 619 1971 περιττά,
637 1890 692 1954 καὶ
704 1887 765 1953 δύο
777 1884 889 1971 ἀρτιας
910 1892 988 1962 Πῶς
999 1881 1030 1949 δ’
1043 1881 1100 1963 οὕς
1127 1891 1169 1951 Τί

126 1994 147 2046 Β
165 1983 218 2060 δίς
240 1986 337 2051 δυοῖν
348 1980 534 2050 ὄντοινούκ
545 1981 673 2069 ἀνάγκη
685 1983 834 2051 εἶναικαὶ
845 1986 910 2066 δίς,
928 1981 984 2048 καὶ
994 1987 1095 2064 τριῶν
1106 1977 1166 2047 ὅν-

165 2103 232 2144 των
250 2086 335 2164 τρίς,
359 2088 450 2164 είπερ
468 2077 608 2165 ὑπάρχει
620 2088 667 2169 τῷ
682 2106 717 2148 τε
735 2078 796 2148 δύο
813 2076 849 2147 τὸ
862 2081 911 2157 δὶς
922 2080 1082 2166 ἓνκαίτῷ
1092 2088 1166 2160 τρία

165 2173 202 2242 τὰ
215 2177 285 2257 τρὶς
299 2176 354 2258 ἕνς
374 2174 522 2263 Ἀνάγκη.
543 2185 651 2244 Δνοίν
662 2179 698 2244 δέ
708 2175 821 2244 ὄντοιν
834 2178 889 2244 καὶ
901 2177 950 2255 δίς
962 2173 1025 2243 οὐκ
1036 2174 1164 2261 ἀνάγκη

53 2322 57 2367 3
165 2276 226 2341 δύο
239 2276 288 2352 δὶς
300 2272 400 2355 dvm
422 2276 477 2343 καὶ
486 2283 589 2362 τρισίν
599 2276 653 2342 καὶ
665 2277 733 2359 τρίς
744 2273 806 2342 οὐκ
817 2272 945 2361 ἀνάγκη
957 2266 1001 2341 αὖ
1013 2280 1087 2358 τρία
1097 2277 1166 2357 τρὶς

53 2370 59 2443 '3
164 2368 265 2452 εἶναις
286 2376 364 2451 Πῶς
385 2369 418 2439 δ’
441 2370 498 2450 οὕς
524 2379 566 2440 Τί
583 2375 635 2454 δές
656 2381 758 2460 τρισίν
776 2371 884 2440 ὄντων
900 2375 955 2441 καί
973 2370 1164 2458 δὶς[ὅντωνς

164 2473 219 2536 καὶ
236 2473 333 2537 δνοίν
351 2467 465 2539 δυτοιν
480 2474 536 2540 καὶ
552 2476 621 2557 τρὶς
645 2470 781 2557 [ὄντοιν]
806 2469 868 2539 οάκ
885 2468 1014 2557 ἀνάγκη
1036 2496 1072 2539 τε
1092 2476 1166 2555 τρία

165 2567 215 2644 δὶς
236 2565 319 2633 εἶναι
336 2568 391 2635 καὶ
409 2565 470 2636 δύο
487 2576 572 2653 τρίςς
594 2570 707 2656 Πολλή
718 2595 765 2654 γε.
800 2569 914 2655 ”Apud
924 2594 959 2637 τε
971 2566 1037 2653 ἀρα
1051 2565 1167 2653 ἀρτιά-

98 2681 151 2739 144
165 2691 216 2743 κις
237 2660 281 2730 ἀν
302 2673 351 2750 είη
373 2668 427 2733 καὶ
449 2664 582 2751 περιττά
599 2667 783 2751 περιττάκις
799 2669 853 2735 καὶ
869 2664 965 2750 ἀρτια
981 2664 1166 2747 περιττάκις

166 2766 221 2831 καὶ
232 2760 366 2850 περιττά
377 2760 532 2850 ἀρτιάκις.
554 2764 668 2832 Ἔστιν
677 2762 792 2842 οὕτως.
815 2769 859 2832 Ec
868 2755 931 2830 οὖν
944 2768 1048 2830 ταῦτα
1058 2759 1165 2838 οὕτως

165 2870 246 2950 ἔχει,
268 2872 330 2930 οίει
345 2859 419 2929 τινά
443 2859 592 2950 ἀριθμὸν
614 2860 869 2945 ὑπολείπεσθαι,
890 2858 932 2928 δν
953 2857 1016 2928 οὐκ
1037 2856 1165 2944 ἀνάγκη

113 2988 117 2994 ·
165 2960 265 3042 είναις
291 2957 454 3044 Οὐδαμῶς
464 2987 512 3046 γε.
556 2967 599 3030 El
613 2960 678 3046 ἀρα
690 2965 780 3028 ἔστιν
797 2961 851 3043 έν,
873 2955 1074 3044 ἀνάγκηκαὶ
1092 2953 1164 3040 ἀρι-

164 3056 362 3136 θμδνείναι.
389 3056 538 3145 Ἀνάγκη.
566 3056 661 3128 Ἀλλά
673 3056 741 3145 μὴν
751 3054 902 3144 ἀριθμοῦ
911 3081 949 3141 γε
959 3053 1056 3133 ὄντος
1067 3050 1166 3122 πόλλ’

165 3153 208 3226 ἀν
227 3167 276 3243 είη
295 3159 349 3225 καὶ
365 3162 495 3243 πλῆθος
511 3157 650 3244 ἀπειρον
671 3164 741 3223 των
761 3152 884 3223 ὄντων·
905 3149 928 3241 ἢ
948 3150 1011 3221 οὐκ
1032 3150 1167 3234 ἀπειρος

165 3252 308 3343 ἀριθμὸς
325 3254 446 3341 πλήθει
461 3257 516 3323 καί
533 3262 676 3342 μετέχων
686 3253 801 3333 οάσίας
811 3260 976 3339 γίγνεταις
1000 3254 1062 3318 Καὶ
1075 3250 1166 3318 πάνυ
