2408 3780
149 166 213 232 228
519 171 803 231 ΠΛΑΤΩΝΟΣ
1123 181 1159 234 90

151 351 201 408 σις
222 329 418 415 πρόσεστιν,
443 326 519 396 οὐδ’
537 327 560 415 ἥ
575 334 645 398 ε’στί
659 355 725 398 που
742 333 836 417 ἑτέρα
852 333 889 399 ἐν
901 334 999 421 ἑτέρω
1012 325 1096 398 ούσα
1109 326 1158 399 ὦν

21 474 29 489 ‹
112 456 133 506 Ε
151 428 243 517 ἡμεῖς
254 436 319 498 νῦν
331 427 439 496 όντων
454 437 631 514 καλοῦμεν,
643 427 727 498 ιῖλλόι
737 426 799 514 τὴν
810 432 902 519 ἐντῷ
915 426 1034 498 όέστιν
1045 423 1086 496 όν
1098 427 1159 497 όν-

150 556 214 607 τως
225 529 407 617 ἐπιστήμην
419 522 539 596 ούσαν·
559 530 615 596 καλ
626 521 731 596 τᾶλλα
743 526 900 605 ὡσαύτως
911 524 951 594 τόι
962 525 1042 595 ὅντα
1053 525 1159 608 ὅντως

20 705 23 710 ,
148 630 340 716 θεασαμένη
363 630 419 697 καὶ
438 631 642 714 ἕστιαθελσα,
666 631 751 694 δῦσα
766 627 868 695 πάλιν
885 632 931 705 εἰς
946 624 983 693 τό
1002 637 1080 695 ελσω
1097 633 1158 696 τού

150 725 316 815 ούρανοῦ,
341 733 453 796 οἴκαδε
474 721 599 815 ἦλθεν,
622 727 786 813 ἐλθούσης
809 726 843 796 δὲ
862 725 963 814 αὐτῆς
986 725 1004 794 ὁ
1027 725 1159 814 ἡνίοχος

150 826 235 914 πρός
252 823 315 913 την
332 827 466 913 φάτνην
477 826 554 906 τούς
564 830 688 904 ἵππους
700 827 821 913 στήσας
831 829 1019 915 παρέβαλεν
1030 825 1159 912 ἄμβρο-

150 931 225 994 σλαν
236 952 270 993 τε
281 927 336 994 καλ
346 923 398 994 ἐπ’
412 925 498 1015 αὐτῇ
507 927 626 1010 νέκταρ
639 925 778 993 έπότισε,

232 1032 369 1093 xxvssl.
409 1027 475 1093 Καὶ
494 1017 592 1104 οὗτος
607 1023 668 1110 μὲν
679 1032 771 1093 θεῶν
781 1033 868 1112 βίος·
889 1030 926 1094 αἱ
935 1025 971 1094 δὲ
981 1025 1078 1095 ἄλλαι
1089 1040 1157 1108 ψυ-

80 1141 133 1198 248
150 1131 217 1210 χαί,
242 1121 262 1208 ἡ
280 1123 340 1209 μὲν
357 1121 474 1205 ἄριστα
489 1131 563 1214 θεῷ
580 1124 721 1210 ἑπομένη
734 1125 789 1193 καὶ
803 1127 977 1213 εἰκασμένη
990 1123 1157 1212 ὑπερῆρεν

150 1227 196 1300 εἰς
206 1219 267 1290 τόν
277 1226 338 1302 ἔξω
350 1222 455 1290 τόπον
466 1221 529 1309 τὴν
540 1229 601 1289 τού
612 1219 749 1309 ἡνιόχου
767 1219 934 1312 κεφαλήν,
957 1225 1011 1291 καὶ
1029 1246 1158 1309 συμπε-

148 1323 307 1408 ριηνέχθη
323 1318 385 1406 τὴν
401 1319 605 1406 περιφοράν,
626 1324 863 1409 θορυβουμένη
882 1319 947 1392 ύπό
967 1328 1157 1391 τωνῖππων

148 1425 203 1488 καὶ
214 1421 311 1506 μόγις
321 1426 504 1503 καθορῶσα
520 1418 560 1484 τό
572 1415 668 1487 ὄντα·
690 1417 712 1506 η
729 1420 764 1489 δέ
775 1419 848 1490 τοτὲ
859 1421 920 1508 μὲν
936 1415 1012 1508 ἦρε,
1036 1426 1108 1491 τοτὲ
1121 1423 1156 1492 δέ

28 1551 31 1554 “
149 1524 218 1603 ἔδυ,
231 1521 435 1605 βιαζομένων
448 1521 483 1585 δὲ
493 1525 561 1585 τῶν
571 1522 682 1587 ἵππων
692 1516 733 1587 τὰ
744 1520 805 1607 μὲν
817 1518 898 1607 εἶδε,
912 1519 951 1589 τόι
962 1519 993 1589 δ’
1007 1521 1061 1590 ού·
1075 1526 1112 1590 αλ
1121 1521 1157 1590 δὲ

150 1617 189 1706 δὴ
208 1617 306 1686 όίλλαι
323 1618 513 1705 χλιχόμεναι
531 1618 593 1703 μὲν
610 1616 736 1687 ἅπασαι
752 1627 814 1688 τού
826 1618 898 1688 όὶνω
909 1622 1060 1707 ἕπονται,
1073 1619 1153 1688 ἄδυ-

149 1725 310 1786 νατούσαι
322 1717 356 1786 δὲ
368 1715 569 1804 ύποβρύχιαι
580 1721 894 1806 ξυμπεριφὲρονται,
916 1727 1080 1788 πατούσαι
1097 1718 1156 1787 οἳλ-

113 1830 133 1879 Β
150 1817 250 1903 λη’λας
261 1820 317 1885 καλ
329 1815 568 1902 ἐπιβάλλουσαι
575 1866 585 1900 ,
597 1817 691 1901 ἑτέρα
704 1815 767 1905 πρό
780 1826 838 1905 τῆς
850 1821 960 1904 ἑτέρας
970 1820 1155 1906 πειρωμένη

148 1916 316 1999 γενέσθαι.
331 1914 483 2000 θόρυβος
500 1905 563 1981 ούν
576 1916 632 1982 καὶ
649 1914 771 2003 ἅμιλλα
782 1920 836 1986 καλ
849 1915 948 2002 λδρώς
960 1924 1093 2003 ἔσχατος
1104 1924 1156 2003 χί-

147 2040 270 2101 γνεται,
282 2004 326 2082 ού
335 2011 375 2100 δὴ
388 2020 487 2102 κακίᾳ
496 2011 641 2100 ἡνιόχων
649 2016 767 2082 πολλαὶ
779 2015 840 2099 μέν
848 2015 1060 2099 χωλεύονται,
1073 2025 1158 2080 πολ-

19 2144 24 2155 ·
149 2115 202 2180 λαλ
213 2115 248 2179 δὲ
260 2110 365 2180 πολλοὶ
379 2109 482 2197 πτερόι
499 2111 703 2196 θραύονται·
726 2119 828 2181 πᾶσαι
845 2113 882 2180 δέ
899 2109 1006 2179 πολύν
1023 2119 1157 2197 ἔχουσαι

148 2210 256 2278 πόνον
266 2208 390 2288 ἀτελεῖς
401 2219 458 2296 της
469 2218 531 2279 τοῦ
542 2209 639 2290 ὄντος
650 2214 733 2292 θέας
743 2209 959 2297 ἀπέρχονται,
983 2212 1036 2278 καὶ
1054 2207 1158 2279 όιπελ-

149 2317 274 2377 θούσαι
301 2318 411 2400 τροφῇ
433 2313 575 2399 δοξαστῇ
596 2320 747 2397 χρῶνται.
778 2302 822 2378 ού
843 2307 875 2377 δ’
900 2308 986 2396 ἕνεχ’
1008 2307 1029 2395 ἡ
1051 2309 1157 2396 πολλὴ

148 2409 295 2497 σπουδή,
307 2405 344 2476 τό
358 2406 517 2496 α’ληθείας
527 2415 611 2477 ἰδεῖν
622 2414 738 2478 πεδίον
746 2401 790 2478 ού
800 2412 890 2478 ἐστίν
896 2459 906 2494 ,
918 2407 941 2495 ἥ
951 2435 986 2476 τε
998 2407 1038 2495 δὴ
1051 2429 1156 2495 προσ-

147 2509 275 2595 ήκουσα
305 2516 412 2596 ψυχῆς
436 2516 483 2601 τῷ
510 2507 633 2600 ολρίστῳ
655 2506 740 2595 νομὴ
763 2510 799 2576 ἐκ
822 2515 883 2575 τοῦ
905 2511 974 2576 ἐκεῖ
999 2516 1158 2595 λειμῶνος

111 2627 129 2678 c
150 2608 305 2695 τυγχάνει
315 2602 416 2696 ούσα,
433 2607 503 2697 ἥτε
512 2615 574 2677 τοῦ
584 2616 710 2696 πτερού
720 2607 838 2694 φύσις,
861 2598 989 2698 ᾦψυχη
1002 2612 1158 2692 κονφιξε-

147 2733 211 2790 ται,
224 2706 330 2797 τούτω
341 2710 510 2790 τρέφεται·
533 2708 660 2792 θεσμός
668 2701 919 2792 τεἍδραστείας
933 2705 1006 2792 ὅδε,
1027 2706 1098 2792 ἥτις
1114 2702 1158 2773 ύν

148 2803 236 2893 ψυχὴ
256 2812 326 2896 θεῷ
346 2803 533 2885 ξυνοπαδὸς
549 2807 711 2894 γενομένη
729 2810 845 2895 κατίδη
866 2833 897 2873 τι
917 2814 984 2874 τόν
1007 2803 1158 2893 ἀληθῶν,

147 2910 241 2992 μέχρι
263 2930 299 2971 τε
317 2911 376 2991 τῆς
399 2905 510 2992 ἑτέρας
531 2905 691 2992 περιόδου
712 2904 797 2974 εἶναι
820 2903 993 2994 ἀπήμονα,
1020 2900 1085 2973 κόν
1106 2902 1158 2972 ἀεὶ

147 3012 247 3073 τούτο
261 3003 401 3091 δύνηται
411 3019 536 3090 ποιεῖν,
559 3002 609 3076 ύελ
620 3004 750 3094 ἀβλαβῆ
767 3003 866 3074 εἶναι·
889 3002 972 3073 όταν
984 3005 1019 3074 δὲ
1030 3004 1159 3073 ιἰδννα-

148 3105 276 3192 τησασα
292 3105 488 3172 ἐπισπέσθαι
505 3104 550 3192 μη
568 3109 638 3194 λ’δη,
659 3111 718 3172 καλ
725 3131 789 3172 τινι
800 3110 960 3194 συντυχίη
970 3107 1158 3191 χρησαμένη

149 3204 256 3290 λήθης
268 3227 302 3270 τε
320 3203 375 3269 καὶ
385 3208 502 3282 κακίας
512 3212 697 3291 πλησθελσα
708 3210 881 3292 βαρυνθη,
901 3210 1109 3291 βαρυνθεῖσα
1124 3206 1160 3272 δὲ

151 3300 382 3389 πτερορρυήση
398 3327 434 3369 τε
444 3303 499 3371 καὶ
510 3305 563 3371 έπλ
574 3305 637 3390 την
646 3309 712 3387 γῆν
722 3303 822 3389 πόση,
835 3301 911 3370 τότε
921 3301 1024 3389 νόμος
1034 3304 1160 3390 ταύτην

94 3421 121 3463 υ
130 3397 188 3480 κη’
199 3408 368 3479 φυτεύσαι
392 3405 441 3480 εἰς
460 3403 625 3488 μηδεμίαν
643 3407 786 3490 θηρείαν
807 3402 913 3488 φύσιν
933 3404 971 3470 ἐν
986 3408 1027 3491 τῇ
1044 3402 1160 3492 πρύτη
