2408 3780
68 207 121 263 ιιε
459 204 685 264 οιιιλεοε.
1010 208 1071 272 251

65 384 131 446 μεν
145 366 285 445 μετρίως
300 385 335 428 τε
352 361 407 430 καὶ
427 358 584 449 εὐφήμως
600 362 659 431 τόν
671 365 752 449 ἐμόν
762 391 796 433 τε
808 370 863 435 καί
876 365 938 435 σόν
949 370 1072 437 δεσπό-

63 481 128 543 την
139 454 284 544 Ἔρωτα,
297 449 324 526 ό
335 463 469 547 Φαῖδρε,
481 467 595 528 καλεῖν
605 466 734 529 παίδων
745 468 878 549 ἐφορου.

154 560 244 624 ΦΑΙ.
275 559 341 625 Καὶ
352 557 439 642 μάλα
451 562 559 644 ἔμοιγε
571 556 633 626 οόα
644 557 753 646 ἀηδεῖς
763 560 912 630 οἰκοῦσαι.

151 660 257 722 XLIX.
297 660 371 722 Σίλ.
417 655 502 724 Τόδε
524 663 640 725 τοίνυν
661 655 809 727 αὐτόθεν
829 661 1001 748 λάβωμεν,
1028 657 1071 740 ὡς

63 749 131 820 ἀπό
143 759 205 819 τοῦ
214 754 328 838 ψέγειν
339 750 422 837 πρὸς
431 752 468 820 τό
481 756 627 823 ἐπαινεῖν
637 760 731 842 ἐσχεν
741 753 758 825 δ
770 758 868 844 λόγος
879 765 1069 845 μεταβῆναι.

153 856 243 919 ΦΑΙ.
280 857 358 930 fleis
369 849 408 937 δὴ
421 844 485 919 οὖν
496 849 578 920 αὐτό
590 855 711 939 λόγειςς

26 982 33 989 -
154 956 230 1017 Σίλ.
259 947 347 1035 Ἐμοὶ
362 948 423 1035 μὲν
439 956 591 1035 φαίνεται
600 951 639 1019 τὰ
650 954 712 1038 μὲν
722 950 804 1021 όλλα
814 962 859 1043 τῷ
872 950 944 1022 όντι
955 958 1069 1044 παιδιᾷ

65 1058 265 1117 πεπαῖσθαι·
287 1046 416 1116 τούτων
434 1050 472 1116 δέ
485 1074 587 1117 τινων
604 1051 640 1118 εἰι
661 1049 760 1137 τύχης
779 1052 952 1138 ῥηθέντων
974 1056 1069 1121 δυοῖν

63 1150 184 1233 εἰσίων,
206 1151 237 1214 εί
252 1142 367 1213 αὐτοῖν
384 1142 446 1230 τὴν
464 1145 608 1233 δύναμιν
624 1150 721 1236 τέχνη
738 1155 851 1236 λαβεῖν
862 1148 999 1219 δύναιτό
1009 1176 1069 1236 τις,
1090 1164 1111 1212 ο

64 1242 247 1331 οόαδχαρι.

151 1350 242 1411 ΦΑΙ.
281 1347 390 1411 Τίνων
400 1339 459 1427 δης

150 1447 225 1509 Σίλ.
254 1446 314 1519 Είς
323 1445 403 1526 μίαν
412 1463 447 1507 τε
461 1443 552 1509 ίδέαν
563 1452 757 1529 συνορῶντα
768 1444 861 1529 ἄγειν
869 1447 909 1511 τὰ
920 1451 1069 1531 πολλαχῇ

62 1541 298 1628 διεσπαρμένα,
309 1536 354 1605 ἵν’
365 1535 505 1607 ἕκαστον
516 1537 705 1627 ὁριζόμενος
719 1547 823 1628 δῆλον
834 1548 924 1630 ποιῇ,
936 1543 1011 1624 περὶ
1024 1533 1068 1608 οὗ

63 1636 112 1709 ἄν
128 1637 179 1707 ἀεὶ
195 1638 365 1707 διδάσκειν
375 1641 483 1726 ἐθέλη.
508 1637 619 1725 ὥσπερ
635 1637 676 1706 τὰ
688 1645 754 1707 νῦν
771 1637 813 1725 δὴ
829 1641 903 1726 περὶ
911 1637 1065 1725 Ἔρωτος,

64 1736 86 1809 ό
98 1743 203 1824 ἐστιν,
225 1735 380 1825 ὁρισθέν,
404 1734 464 1806 εἴτ’
477 1729 516 1805 εὖ
528 1746 592 1807 είτε
601 1745 710 1817 κακῶς
721 1738 849 1823 ἐλέχθη.
861 1735 898 1803 τό
910 1743 996 1823 γοῦν
1006 1756 1068 1805 σα-

65 1839 128 1923 φδς
148 1839 202 1906 καὶ
222 1835 259 1905 τό
283 1832 363 1903 αὐτὸ
388 1833 478 1926 αὑτῷ
501 1831 770 1923 ὁμολογούμενον
791 1834 845 1903 διδ
861 1832 954 1902 ταῦτ’
973 1839 1067 1921 ἔσχεν

62 1932 196 2008 είπεῖνὸ
210 1935 316 2022 λόγος.

150 2041 240 2104 ΦΑΙ.
277 2033 321 2102 Τό
334 2031 365 2102 δ’
383 2035 497 2118 ἕτερον
508 2033 547 2122 δὴ
561 2033 646 2115 εἶδος
657 2042 691 2104 τί
698 2041 817 2122 λέγεις,
836 2026 1065 2117 οἷΣοόιιρατεςς

149 2139 224 2202 Σόδ.
267 2133 312 2203 Τό
334 2134 435 2203 πόλιν
454 2132 528 2204 κατ’
547 2139 616 2221 εῖδη
635 2133 803 2203 δύνασθαι
818 2137 965 2220 τέμνειν,
987 2129 1064 2202 κατ’
1084 2148 1104 2197 Ε

62 2234 194 2320 ἄρθρα,
216 2225 237 2322 ᾖ
260 2233 403 2319 πέφυκε,
426 2234 481 2301 καὶ
497 2231 541 2318 μὴ
559 2236 732 2320 ἐπιχειρεῖν
748 2233 951 2320 καταγυόναι
967 2236 1066 2320 μέρος

60 2336 180 2421 μηδέν,
210 2339 317 2400 κακοῦ
338 2337 497 2418 μαγείρου
517 2333 629 2423 τρόπῳ
650 2333 837 2419 χρεόμενον·
859 2330 932 2400 ἀλλ’
956 2331 1065 2415 όόσπερ

61 2431 139 2519 ἄρτι
148 2428 194 2499 τό
206 2429 294 2516 λόγω
304 2429 342 2498 τό
355 2430 416 2517 μέν
427 2429 539 2517 δίφρον
549 2438 608 2516 τῆς
624 2436 770 2509 διανοίας
780 2432 818 2497 ἐν
828 2456 859 2497 τι
871 2436 967 2517 κοινῇ
981 2426 1067 2506 εἶδος

62 2532 237 2618 ἐλαβέτην,
260 2528 370 2613 ὥσπερ
388 2531 424 2598 δὲ
440 2529 592 2617 σωματος
602 2532 634 2611 ἐξ
645 2528 718 2609 ἐνδς
729 2533 830 2597 διπλοῖ
840 2531 894 2596 καὶ
905 2526 1067 2615 ὁμώνυμα
1082 2548 1135 2604 266

60 2631 200 2716 πέφυκε,
211 2628 321 2713 σκαιοί,
333 2627 373 2697 τὰ
387 2629 422 2698 δέ
433 2626 521 2710 δεξιόι
532 2631 709 2717 κληθέντα,
723 2625 811 2696 οὕτω
822 2631 876 2696 καὶ
886 2627 923 2695 τὸ
934 2635 991 2715 τῆς
1001 2652 1066 2695 πα-

62 2737 199 2815 ρανοίας
210 2726 348 2807 οδςδνέν
357 2727 436 2817 ἡμῖν
446 2727 596 2815 πεφυκὸς
605 2727 689 2807 εἶδος
699 2724 896 2815 ηγησαμένω
906 2724 953 2794 τό
964 2726 1065 2812 λόγω,

60 2825 79 2896 ὁ
101 2827 164 2914 μὲν
184 2825 221 2896 τό
239 2824 292 2896 ἐπ’
316 2826 470 2914 ἀριστερὰ
490 2828 690 2914 τεμνόμενος
710 2831 825 2914 μέρος,
847 2824 947 2894 πόλιν
966 2832 1064 2893 τοῦτο

59 2928 191 3012 τέμνων
207 2925 270 2996 οὐκ
286 2930 445 3015 ἐπανῆκε,
467 2928 546 3014 πρὶν
558 2929 595 2995 ἐν
611 2924 724 3005 αὐτοῖς
739 2923 894 3012 ἐφευριδν
905 2922 1065 3009 ὀνομαζό-

59 3051 164 3114 μενον
175 3027 295 3096 σιιαιόν
305 3052 379 3094 τινα
387 3032 495 3111 -ἐρωτα
506 3025 696 3112 ἐλοιδόρησε
707 3021 784 3111 μόλ’
799 3026 835 3090 ἐν
846 3026 931 3109 δίκη,
943 3017 961 3087 ὁ
975 3018 1006 3086 δ’
1020 3025 1066 3098 είς

61 3125 103 3194 τὰ
114 3129 153 3194 ἐν
162 3129 252 3215 δεξιᾷ
262 3134 320 3211 τῆς
329 3131 449 3213 μανίας
459 3123 595 3214 ἄγαγιδν
605 3122 705 3210 ἡμᾶς,
717 3120 899 3208 δμοόνυμον
910 3118 970 3204 μὲν
981 3121 1065 3186 ἐκεί·
1174 3166 1178 3172 -

60 3251 127 3315 νω,
149 3234 245 3295 θεῖον
266 3223 297 3293 δ’
317 3217 361 3292 αὖ
374 3222 438 3292 τιν’
456 3229 561 3308 ἐρωτα
579 3218 732 3309 ἐφευρόν
742 3222 797 3289 καὶ
809 3216 1064 3305 προτεινόμενος
1080 3238 1100 3287 Β
1179 3224 1187 3247 “·

59 3323 223 3412 ἐπῄνεσεν
235 3319 278 3401 ὡς
288 3333 452 3410 μεγίστων
462 3332 569 3391 αἴτιον
579 3319 657 3409 ἡμῖν
669 3317 818 3407 ἀγαθοῖν.

146 3428 236 3491 ΦΑΙ.
266 3419 611 3509 Ἀληθέσταταλέγεις.
1103 3342 1136 3483 δ
