2408 3780
66 196 115 250 ιον
465 184 674 244 ΘΕΑΓΗΣ.
1008 181 1072 244 319

64 357 110 416 λω
122 349 295 435 πράττειν,
307 371 429 415 τουτου
440 341 649 430 ἀποτροπήν,
662 347 837 432 προτρέπει
848 344 883 412 δὲ
895 341 1069 412 οὐδέποτε·

64 449 119 515 καί
133 447 191 514 έάν
203 452 250 525 τίς
261 471 316 533 μοι
327 453 396 512 τῶν
405 450 513 530 φίλων
524 440 745 511 ἀνακοινωται
757 446 812 511 καὶ
819 445 952 528 γένηται
963 438 984 527 ἡ
997 466 1069 526 φω-
1092 466 1095 471 ·

63 544 122 631 κη’,
145 543 270 612 ταύτὸν
289 551 389 612 τοῦτο
408 541 584 625 ἀποτρέπει
601 545 656 611 καλ
674 540 736 611 οὐκ
758 545 797 632 ἐᾷ
813 540 978 627 πράττειν.
1017 542 1071 609 καλ

63 643 192 710 τούτων
203 640 284 730 ὑμῖν
295 643 464 730 μάρτυρας
475 644 663 727 παρέξομαι.
681 646 854 729 Χαρμίδην
861 638 926 726 γάρ
938 642 1071 708 τουτονί

64 739 264 824 γιγνώσκετε
275 739 336 808 τύν
346 741 452 809 καλὸν
463 738 655 826 γενόμενον,
668 741 728 808 τὸν
738 740 953 818 Γλαύκωνος·
969 729 1070 817 οὗτός

64 861 144 905 ποτε
169 839 347 923 ἐτύγχανεν
365 839 437 923 ἐμοὶ
457 835 741 924 ἀνακοινούμενος
763 840 893 924 μέλλων
910 834 1069 921 ἀσκήσειν
1095 854 1114 904 Ε

64 936 252 1016 στάδιονείς
262 938 403 1024 Νεμέαν·
415 940 468 1005 καὶ
477 933 1011 1021 εύθύςαύτούάρχομένονλέγειν,
1019 932 1070 1001 ὅτι

63 1037 175 1122 μέλλοι
188 1034 311 1121 ἀσκείν,
325 1037 453 1120 ἐγένετο
465 1032 485 1121 ἡ
498 1034 612 1120 φωνή,
624 1034 679 1101 καὶ
690 1031 753 1118 έγοδ
767 1029 950 1100 διεκύλνύν
960 1055 995 1097 τε
1007 1023 1070 1096 νύ·

65 1130 126 1199 τὸν
137 1133 191 1200 καὶ
204 1130 297 1200 εἷπον
309 1130 359 1201 ὅτι
372 1133 526 1217 λέγοντός
538 1152 601 1198 σου
611 1128 732 1216 μεταξύ
746 1130 865 1215 γέγονέ
873 1154 930 1216 μοι
940 1124 960 1214 ἡ
972 1125 1068 1213 φωνὴ

64 1227 158 1315 ἡτοῦ
175 1235 366 1317 δαιμονίου·
397 1229 480 1298 ἀλλὰ
500 1228 543 1316 μη
562 1228 664 1298 ἄσκει.
696 1239 792 1316 ίσως,
815 1234 895 1314 ἔφη,
918 1232 1069 1312 σημαίνει

65 1348 128 1412 σοι,
142 1326 192 1396 ὅτι
201 1324 243 1396 ού
253 1328 393 1414 νικήσω·
407 1329 469 1414 ἐγώ
484 1329 519 1396 δέ
531 1322 596 1395 κάν
606 1326 650 1415 μὴ
661 1331 768 1413 μέλλω
779 1333 888 1415 νικᾷν,
897 1324 1070 1411 γυμνασα-

64 1424 162 1510 μενός
172 1452 209 1512 γε
221 1433 342 1495 τοῦτον
352 1424 413 1495 τὸν
424 1425 546 1512 χρόνον
558 1425 836 1513 ὠφεληθησομαι·
853 1431 955 1491 ταῦτα
967 1421 1069 1491 είπών

64 1520 175 1608 ἤσκει·
208 1521 302 1604 ἀξιον
316 1516 379 1592 νύν
398 1526 571 1592 πυθέσθαι
588 1521 711 1609 αὐτοῦ,
733 1519 858 1612 ἀαύτῷ
871 1525 989 1609 ξυνέβη
1001 1518 1067 1587 ἀπὸ

64 1619 185 1705 ταύτης
196 1628 252 1706 τῆς
260 1618 439 1707 ἀσκήσεως.
460 1628 490 1690 εί
496 1623 531 1690 δὲ
542 1622 710 1709 βούλεσθε
720 1621 780 1691 τδν
790 1621 959 1707 Τιμάρχου
970 1616 1068 1685 ἀδελ·
1086 1638 1137 1693 129

64 1716 133 1803 φόν
142 1720 368 1806 Κλειτόμαχον
381 1725 532 1808 ἐρέσθαι,
552 1727 586 1789 τί
601 1717 692 1788 εἶπεν
704 1717 794 1808 αύτῷ
808 1727 968 1806 Τίμαρχος
984 1713 1066 1803 ἡνίκ’

65 1816 343 1905 ἀποθανούμενος
364 1817 415 1908 ᾔει
437 1817 525 1887 εὐθύ
546 1827 608 1888 τού
626 1824 802 1907 δημοσίου,
827 1818 951 1897 ἐκεῖνός
967 1817 1068 1885 τεκαὶ

65 1916 223 1996 Εὔαθλος
235 1918 252 1986 ὁ
265 1923 532 2005 σταδιοδρομῶν,
555 1914 591 1998 δς
605 1924 772 2005 Τίμαρχον
788 1916 966 1997 ὑπεδέξατο
983 1916 1069 2002 φεύ-

64 2042 181 2101 γοντα·
194 2021 262 2103 έρεῑ
271 2016 336 2105 γὰρ
347 2014 427 2104 ύμῖν
438 2015 490 2086 ὅτι
503 2016 595 2086 εἶπεν
605 2016 695 2108 αύτῷ
706 2026 818 2086 ταῦτα.

151 2123 218 2185 ΘΕ.
256 2123 297 2185 Τί
301 2146 308 2195 ;

150 2222 226 2283 Σίλ.
252 2208 521 2301 ὨΚλειτύμαχε,
541 2220 621 2302 ἔφη,
638 2217 701 2300 ἐγω
712 2219 825 2302 μέντοι
837 2220 971 2302 ἔρχομαι
984 2211 1070 2281 ἀπο-

68 2314 278 2399 θανούμενος
288 2320 377 2399 νυνί,
391 2314 474 2382 διότι
484 2312 658 2399 Σωκράτει
670 2312 731 2382 ούκ
743 2313 870 2402 ἤθελον
881 2321 1068 2382 πείθεσθαι.

65 2419 100 2481 τί
113 2411 152 2498 δη
165 2405 229 2479 ούν
240 2413 426 2483 ποτὲτοῦτο
443 2411 563 2481 εἶπενὸ
580 2420 758 2500 Τίμαρχος;
781 2413 844 2500 έγιδ
855 2412 983 2499 φράσω.
1015 2409 1069 2481 ὅτε

66 2509 220 2579 ἀνίστατο
237 2513 273 2579 ἐκ
289 2518 350 2579 τοῦ
368 2519 557 2598 συμποσίου
581 2509 599 2580 ὁ
620 2518 782 2598 Τίμαρχος
799 2514 854 2579 καί
877 2507 1067 2598 Φιλημωνὸ
1085 2534 1105 2584 Β

66 2614 292 2696 Φιλημονίδου
321 2607 583 2690 ἀποκτενοῦντες
609 2617 733 2679 Νικίαν
761 2607 821 2679 τόν
836 2606 1070 2695 Ἡροσκαμοῖν-

65 2715 165 2794 δρον,
183 2705 395 2795 ἠπιστάσθην
412 2710 474 2796 μὲν
491 2707 582 2778 αύτύ
594 2710 686 2797 μόνω
704 2707 767 2797 την
783 2710 980 2796 ἐπιβουλήν,
1003 2707 1070 2778 ὁδὲ

68 2816 231 2896 Τίμαρχος
248 2805 464 2894 ἀνιστάμενος
475 2810 559 2894 πρὸς
576 2809 632 2895 έμδ
649 2807 736 2895 εἶπε,
759 2812 919 2895 τίλέγεις,
940 2815 1021 2895 ἔφη,
1043 2800 1070 2875 οδ

65 2911 259 2994 Σύνρατεςς
282 2904 375 2993 ὑμεῖς
385 2909 447 2993 μὲν
458 2915 579 2994 πίνετε,
590 2907 647 2994 ἐμὲ
660 2904 695 2975 δὲ
708 2911 824 2975 δείποι
836 2911 1067 2995 ἐξαναστῆναι·
1106 2972 1109 2977 .

63 3007 130 3094 ἥξω
142 3009 178 3076 δὲ
189 3005 303 3093 ὀλίγον
316 3005 476 3093 ὕστερον,
489 3004 549 3076 έάν
560 3007 659 3093 τύχω.
691 3012 750 3074 καί
757 3032 813 3092 μοι
824 3009 952 3091 ἐγένετο
963 3005 983 3096 ἡ
997 3033 1070 3094 φω-

64 3107 124 3193 νή,
136 3109 191 3174 καὶ
202 3105 296 3175 εἶπον
306 3105 389 3192 πρὸς
402 3103 523 3192 αὐτόν,
536 3111 711 3193 μηδαμῶς,
727 3112 822 3192 ἔφην,
836 3103 996 3194 ἀναστῇς·
1012 3107 1070 3193 γέ·
1118 3108 1136 3169 ,ἵ

63 3231 143 3292 γονε
163 3205 228 3290 γύρ
249 3232 305 3291 μοι
325 3203 362 3273 τό
386 3206 507 3284 είωθός
528 3219 666 3292 σημεῖον
686 3204 723 3273 τὸ
745 3205 936 3293 δαιμόνιον·
967 3202 1069 3285 καλδς
1130 3228 1133 3233 ·

63 3308 185 3390 ἐπέσχε.
217 3307 271 3371 καὶ
294 3308 454 3373 διαλιπων
477 3304 600 3393 χρόνον
623 3298 724 3383 αὖθις
741 3302 872 3392 ὡρμᾶτο
890 3306 989 3392 ίέναι,
1012 3306 1091 3373 καλε

64 3409 144 3490 ἔφη,
168 3402 231 3490 εἶμι
244 3403 302 3490 δή,
324 3402 516 3489 Σώκρατες·
544 3397 944 3491 αύθιςέγένετοὴφωνύ·
968 3395 1078 3475 αύθυι
