2408 3780
133 165 195 232 324
501 168 787 228 ΠΛΑΤΩΝΘΣ
1106 175 1141 229 τι

209 334 283 396 ΣΩ.
312 317 365 396 Ὧι
376 326 441 412 γάρ
454 325 513 413 άν,
537 320 563 395 ά
578 335 654 414 φίλε
672 326 877 416 Ἀλκιβιάδη,
900 332 1030 408 ἐξουσία
1047 319 1140 414 μὲνῇ

133 441 241 496 ποιεῖν
256 422 273 494 ὃ
285 426 451 513 βούλεται,
463 434 549 494 νοῦν
560 426 595 496 δὲ
607 426 651 514 μὴ
667 431 733 515 ἔχη,
742 433 776 495 τί
782 423 820 494 τδ
833 423 920 505 είκὸς
931 431 1138 512 συμβαίνειν,

133 525 247 614 ίδιάτη
263 521 351 612 ἢκαὶ
369 525 479 605 πόλεις
505 519 577 594 οἷον
594 534 752 594 νοσοῦντι
768 529 918 606 ἐξουσίας
936 524 1038 609 οὔσης
1051 528 1137 612 δρᾷν

10 686 13 695 .
65 641 116 697 135
132 621 332 712 ὂβοάλεται,
343 632 429 692 νοῦν
441 621 591 707 ἰατρικὸν
601 621 645 710 μὴ
658 628 780 710 ἔχοντι,
802 630 1025 712 τυραννοῦντι
1036 620 1073 690 δὲ
1083 627 1138 691 καὶ

133 724 215 811 μηδὲ
225 723 454 811 ἐπιπλήττουσι
465 725 588 811 ἑαυτῷ,
610 728 645 789 τί
652 721 689 790 τὸ
712 719 985 809 συμβησόμενονς
1004 713 1055 805 ἆρ’
1067 718 1138 807 οὐχ,

134 817 177 900 ὡς
187 817 224 888 τὸ
237 820 334 904 εἰκάς,
347 824 577 909 διαφθαρῆναι
586 818 623 888 τὸ
635 827 730 905 σῶμα
741 848 750 902 ;

218 926 288 987 ΑΛ.
320 916 443 1007 Ἀληθῆ
454 923 567 1005 λέγεις.

218 1025 294 1086 Σίλ.
330 1025 372 1086 Τί
380 1015 412 1085 δ’
424 1023 461 1086 ἐν
472 1025 543 1106 νηί,
561 1029 594 1088 ελ
606 1044 652 1108 τῳ
669 1021 801 1100 ἐξουσία
818 1027 867 1103 εἴη
887 1012 1023 1085 ποιείνό
1036 1021 1137 1102 δοκεῖ,

133 1123 196 1184 νοῦ
207 1141 242 1183 τε
259 1116 315 1184 καὶ
326 1111 445 1203 ἀρετῆς
462 1125 702 1205 κυβερνητικῆς
718 1119 938 1206 ἐστερημένῳ,
956 1110 1139 1204 καθορᾷςά

12 1225 15 1229 ’
133 1210 176 1282 άν
188 1216 329 1302 ξυμβαίη
340 1211 431 1307 αὐτῷ
443 1241 478 1283 τε
489 1218 622 1295 καὶτοῖς
634 1216 847 1297 ξυνναῦταις;

215 1319 282 1380 ΑΛ.
309 1311 452 1400 Ἔγωγε,
466 1313 517 1383 ὅτι
529 1340 565 1399 γε
577 1312 755 1383 ἀπόλοιντο
768 1310 888 1391 πάντες
899 1309 950 1379 άν.

216 1417 291 1479 ΣΩ.
329 1408 467 1480 Οὐκοῦν
486 1411 642 1493 ὡσαύτως
659 1415 696 1481 ἐν
713 1412 808 1481 πόλει
824 1436 859 1480 τε
873 1411 929 1479 καὶ
945 1429 1064 1489 πάσαις
1075 1405 1138 1496 άρ-

96 1537 115 1585 Β
133 1525 204 1595 χαῑς
215 1512 269 1579 καί
281 1513 443 1591 ἐξουσίαις
454 1509 728 1598 ἀπολειπομέναις
738 1507 854 1596 ἀρετῆς
866 1511 976 1576 ἕπεται
982 1505 1018 1576 τὸ
1026 1516 1138 1586 κακῶς

33 1639 38 1651 ·
135 1608 305 1694 πράττεινς

218 1711 290 1773 ΑΛ.
321 1704 472 1795 Ἀνάγκη.

217 1810 325 1872 XXXI.
369 1811 445 1873 Σίδ.
478 1803 551 1872 Οὐκ
573 1803 638 1890 άρα
661 1808 842 1887 τυραννίδα
864 1801 944 1890 χρή,
975 1793 1136 1886 άάριστε

131 1901 336 1988 Ἀλκιβιάδη,
359 1901 669 1986 παρασκευάζεσθαι
687 1898 761 1971 οὔδ’
775 1900 868 1988 αὑτοῦ
885 1901 962 1970 οὔτε
974 1909 1016 1990 τῇ
1031 1902 1137 1986 πόλει,

134 2005 165 2066 εί
174 2004 306 2086 μέλλετε
319 1995 546 2084 εὐδαιμονεῖν,
559 1994 627 2066 ἀλλ’
642 1997 773 2086 άρετήν.

217 2103 287 2162 ΑΛ.
316 2091 442 2182 Ἀληθῆ
450 2099 564 2181 λέγεις.
812 2181 816 2187 ¹

217 2197 292 2259 Σίδ.
324 2193 413 2275 Πρὶν
424 2194 463 2261 δέ
473 2219 510 2278 με
522 2191 644 2281 άρετην
656 2200 757 2280 ἔχειν,
776 2191 812 2262 τὸ
826 2193 989 2283 άρχεσδαι
999 2192 1138 2282 άμεινον

133 2287 199 2356 ὑπὸ
212 2296 272 2358 τοῦ
282 2296 451 2389 βελτίονος
460 2286 483 2378 ἢ
493 2291 531 2361 τὸ
543 2291 657 2380 άρχειν
668 2291 769 2380 ἀνδρί
770 2343 781 2376 ,
793 2290 835 2360 οὐ
847 2293 954 2379 μόνον
966 2297 1067 2362 παιδί.

218 2396 288 2458 ΑΛ.
323 2396 490 2459 Φαίνεται.

215 2495 290 2558 Σίδ.
327 2485 463 2557 Οὐκοῦν
472 2490 512 2558 τά
522 2516 560 2577 γε
573 2488 712 2577 άμεινον
721 2492 776 2560 καὶ
787 2489 941 2574 κάλλιονς

217 2593 286 2655 ΑΛ.
318 2593 395 2655 Ναί.

218 2692 293 2753 ΣΩ.
329 2683 374 2754 Τὸ
387 2687 423 2755 δὲ
434 2687 574 2756 κάλλιον
586 2690 873 2775 πρεπωδέστερον;

220 2791 288 2851 ΑΛ.
321 2783 443 2864 Πῶςδ’
456 2784 512 2864 οὕς

104 2896 113 2916 ¹
215 2889 291 2951 Σίδ.
323 2883 887 2975 Πρίπειάρατβκακιβδουλεῦειν·
910 2882 1138 2974 άμεινονγάρ.

218 2989 287 3050 ΑΛ.
322 2989 399 3051 Ναί.
1028 3015 1032 3020 ’

216 3087 290 3149 Σίδ.
322 3080 786 3171 Δουλοπρεπδςάραηκακία.

221 3186 287 3247 ΑΛ.
323 3186 487 3248 Φαίνεται.

213 3283 289 3348 Σίλ.
320 3274 619 3367 Ἐλευθεροπρεπὲς
630 3279 665 3349 δὲ
680 3277 701 3366 ἡ
715 3277 825 3369 άρετή.

204 3385 276 3446 AA.
313 3386 395 3450 Ναί.
