2408 3780
128 167 193 231 234
485 169 776 228 ΠΛΑΤπνοΣ
1097 178 1129 235 ος
1160 146 1163 151 ’

130 339 189 412 ἐάν
209 330 272 408 οῦν
291 335 335 427 μη
357 338 519 429 πρότερον
540 343 704 426 ἐμβεβῦσι
718 345 765 432 τῷ
779 337 1034 429 ἐπιτηδεύματι,
1057 340 1129 411 τότε

130 442 394 531 ἐπιχειρήσαντες
408 442 624 530 μανθάνουσί
633 468 669 509 τε
683 439 766 511 ὅθεν
780 441 822 511 άν
836 470 867 511 τι
888 440 1058 512 δύνωνται
1076 445 1129 514 καί

130 544 224 615 αὐτοὶ
245 547 474 635 μετέρχονται,
497 542 683 632 ἰχνεύοντες
704 545 741 613 δὲ
756 541 837 632 παρ’
852 546 982 614 ἕαντῦν
995 542 1128 633 άνενρί·
1166 562 1172 627 1

64 670 223 727 κεασκειν
243 646 303 735 τὴν
323 652 384 716 τοῦ
403 650 567 735 σφετέρου
588 651 673 716 θεοῦ
694 645 798 734 φύσιν
820 643 999 735 εὐποροῦσι
1022 645 1128 718 διάτό
1167 638 1172 741 ⁴]

130 749 298 831 συντόνως
311 747 523 839 ἠναγκάσθαι
537 747 619 839 πρὸς
632 747 691 818 τὸν
704 748 787 818 θεὸν
801 745 955 838 βλέπειν,
977 752 1035 820 καὶ
1049 755 1127 838 ἐφα·
1166 808 1172 845 .·

130 853 287 941 πτόμενοι
302 849 406 922 αύτοῦ
419 858 461 942 τῇ
474 851 585 942 μνήμη
600 855 841 932 ἐνθουσιῶντες
856 855 889 934 ἐξ
904 854 1038 921 ἐκείνου
1048 863 1127 942 λαμ·
1170 866 1172 923 3

130 956 272 1045 βαίνουσι
286 954 325 1023 τά
340 962 402 1043 ἐθη
412 953 514 1024 καὶτὰ
528 953 781 1042 ἐπιτηδεύματα,
796 951 878 1024 καθ’
894 952 973 1022 ὅσον
984 953 1129 1025 δυνατόν

130 1063 216 1126 θεοῦ
229 1054 399 1149 ἀνθρώπῳ
413 1073 605 1145 μετασχεῖν·
620 1057 818 1127 καὶτούτων
834 1055 874 1145 δὴ
888 1055 946 1125 τὸν
961 1056 1129 1148 ἐρώμενον

131 1157 320 1246 αίτιιόμενοι
335 1165 382 1228 ἔτι
396 1187 431 1227 τε
444 1164 570 1246 μάλλον
583 1156 751 1246 άγαπῦσι,
769 1155 834 1229 κάν
848 1163 884 1229 ἐκ
899 1156 981 1239 Διὸς
1001 1156 1127 1250 άρύτω·
1160 1186 1164 1205 ¹

129 1282 195 1348 σιν,
210 1257 365 1346 ὥσπεραί
375 1261 513 1349 βάκχαι,
529 1258 651 1348 ἐπὶτὴν
659 1267 719 1330 τοῦ
727 1266 895 1351 ἐρωμένου
910 1259 1021 1350 ψυχὴν
1029 1267 1126 1333 έπαν-

129 1368 284 1443 τλοῦντες
304 1367 457 1432 ποιοῦσιν
479 1360 523 1442 ὥς
545 1360 689 1432 δυνατόν
710 1360 903 1452 ὁμοιότατον
916 1367 964 1456 τῷ
978 1368 1127 1457 σφετέρην

92 1479 112 1528 Β
130 1471 210 1559 θεῷ.
230 1464 302 1536 ὅσοι
311 1461 339 1535 δ’
347 1455 471 1554 αῦμεθ’
479 1463 584 1555 Ἥρας
591 1471 734 1554 εἵποντο,
742 1465 916 1556 βασιλικόν
924 1471 1067 1555 ζητοῦσι,
1074 1471 1129 1539 καὶ

131 1566 284 1658 εὑρόντες
298 1570 373 1656 περὶ
386 1573 505 1638 τοῦτον
518 1569 626 1639 πάντα
635 1568 792 1659 δρῦσιτόι
805 1566 904 1638 αύτά·
918 1574 953 1638 οί
964 1569 1001 1638 δέ
1013 1567 1129 1640 Ἀπόλ·

130 1671 234 1752 λωνός
242 1699 277 1740 τε
286 1673 342 1741 καὶ
349 1671 488 1740 ἑκάστου
495 1677 563 1740 τῦν
570 1676 662 1741 θεῶν
669 1669 755 1741 οὕτω
763 1670 846 1741 κατά
854 1670 913 1739 τόν
924 1670 1008 1741 θεὸν
1023 1671 1129 1753 ἰόντες

130 1779 261 1861 ζητοῦσι
267 1771 326 1843 τὸν
340 1775 501 1861 σφέτερον
508 1780 611 1843 παῖδα
618 1777 816 1860 πεφυκέναι,
831 1771 1125 1862 καὶότανκτήσων·

130 1902 200 1963 ται,
220 1875 416 1964 μιμούμενοι
431 1873 529 1946 αύτοί
549 1903 584 1945 τε
604 1878 660 1945 καὶ
679 1876 719 1945 τά
732 1874 870 1945 παιδικά
884 1884 1061 1956 πείθοντες
1074 1880 1131 1947 καὶ

130 1974 346 2067 όνθμίξοντες
359 1984 406 2056 είς
419 1976 455 2047 τὸ
464 1982 595 2048 ἐκείνου
602 1979 804 2066 ἐπιτήδευμα
811 1979 867 2046 καὶ
875 1976 1129 2066 ίδέανάγουσιν,

130 2078 190 2167 ὅση
205 2080 330 2170 ἑκάστω
339 2081 490 2167 δύναμις,
504 2078 545 2148 οῦ
559 2079 680 2171 φθόνῳ
690 2077 766 2149 οὐδ’
782 2077 996 2172 ἀνελευθέρῳ
1005 2087 1129 2170 δυσμε-

129 2190 203 2272 νείᾳ
220 2181 384 2269 χρεόμενοι
398 2179 480 2270 πρὸς
494 2180 533 2251 τά
547 2181 702 2269 παιδικά,
723 2178 796 2251 ἀλλ’
813 2189 859 2262 είς
872 2179 1050 2271 ὁμοιότητα
1068 2181 1129 2254 αὖ·

88 2296 112 2349 0
128 2300 197 2364 τοῖς
210 2288 257 2376 τῷ
270 2287 357 2376 θεῷ,
375 2280 416 2352 δν
429 2280 472 2353 άν
485 2290 619 2373 τιμῶσι,
639 2289 749 2354 πᾶσαν
764 2283 897 2363 πάντως
910 2283 929 2354 ὅ
942 2313 973 2354 τι
987 2283 1130 2374 μάλιστα

128 2386 327 2476 πειρώμενοι
341 2384 436 2475 άγειν
448 2385 535 2457 οῦτω
549 2392 689 2457 ποιοῦσι.
724 2395 897 2476 προθυμία
910 2389 972 2476 μὲν
985 2378 1049 2457 οῦν
1061 2393 1131 2460 νῦν

129 2486 172 2568 ὡς
186 2487 319 2576 άληθῶς
333 2489 489 2578 ἐρώντων
501 2493 558 2560 καὶ
570 2490 700 2579 τελετή,
721 2489 781 2559 ε’άυ
794 2518 833 2578 γε
847 2491 1095 2578 διαπράξωνται
1110 2491 1129 2561 δ

128 2595 398 2678 προθυμοῦνται,
413 2588 455 2678 ἣν
469 2595 572 2678 λέγω,
593 2589 680 2661 οὕτω
694 2592 778 2680 καλή
792 2620 828 2662 τε
842 2594 897 2662 καί
912 2589 1132 2684 εύδαιμονικὴ

127 2688 193 2760 ὑπὸ
201 2695 260 2760 τοῦ
269 2691 317 2761 δι’
332 2700 438 2781 ἐρωτα
451 2697 774 2785 μανέντοςφίλουτρῦ
781 2697 1130 2784 φιληθέντινίγυεται,

128 2793 187 2863 ἐάν
201 2798 323 2882 αἱρεθῇ
329 2814 337 2830 ·
351 2790 519 2864 ἁλίσκεται
535 2795 571 2864 δὲ
587 2793 627 2883 δὴ
641 2793 659 2864 ό
672 2798 819 2884 αἱρεθεὶς
832 2798 951 2885 τοιῷδε
965 2791 1089 2883 τρόπῳ.

211 2906 332 2964 xxxw.
367 2895 532 2981 Καθάπερ
547 2900 584 2966 ἐν
597 2894 682 2983 άρχῇ
700 2901 799 2964 τοῦδε
819 2898 878 2964 τοῦ
898 2892 1011 2982 μύθου
1031 2906 1131 2988 τριχῇ

128 2996 299 3086 διειλόμην
305 2995 416 3086 ψυχὴν
430 2996 581 3084 ἑκάστην,
597 2995 796 3087 ίππομόρφω
810 2997 872 3086 μέν
887 2995 947 3066 δύο
961 2998 1030 3067 τινέ
1043 3006 1127 3089 είδη,

90 3122 111 3172 ο
129 3097 298 3189 ἡνιοχικόν
313 3101 347 3170 δέ
359 3100 445 3181 είδος
454 3109 576 3188 τρίτον,
590 3102 720 3169 καὶνῦν
732 3096 867 3191 ἐτιὴμῖν
880 3104 1125 3189 ταῦταμενέτω.

126 3208 194 3271 νῦν
209 3203 245 3272 δέ
260 3202 300 3292 δὴ
313 3210 427 3273 ἵππων
440 3199 458 3272 ό
471 3205 550 3292 μέν,
565 3205 690 3292 φαμέν,
705 3200 849 3290 άχαθός,
870 3198 888 3271 ὃ
904 3200 939 3271 δ’
956 3201 998 3273 ού
1007 3224 1014 3239 ·
1028 3202 1126 3291 άρετὴ

128 3305 164 3373 δὲ
179 3313 227 3383 τίς
240 3311 300 3375 τοῦ
314 3303 449 3394 άγαθοῦ
462 3302 484 3396 ἢ
496 3310 603 3377 κακοῦ
616 3313 732 3391 κακία,
746 3301 787 3374 τύ
803 3311 990 3394 διείπομεν,
1011 3312 1076 3376 νῦν
1090 3308 1125 3375 δὲ

120 3410 265 3475 λεκτέον.
295 3403 390 3496 όμέν
403 3417 520 3481 τοίνυν
528 3405 645 3480 αῦτοϊν
653 3413 691 3479 έν
700 3412 742 3498 τῇ
755 3415 904 3478 καλλίονι
912 3406 1026 3477 στάσει
1033 3404 1082 3477 νῦν
1088 3407 1125 3476 τό

91 3517 139 3565 ’ῑέ
149 3504 245 3586 ὄῖίθσ
255 3506 366 3598 σ’ρθός
378 3516 437 3585 καί
454 3515 737 3611 διηρθρωμένος,
756 3508 1138 3599 ῦψαόχηυ,ὲπληρυποει

2 3722 51 3762 N
