2408 3780
64 160 78 211 ε
405 146 724 209 ΣΥΜΠΟΣΙΟΝ.
1008 150 1069 215 143

61 307 124 392 γάρ
134 332 167 373 τι
177 301 270 373 τοῦτ’
283 310 361 391 ἔχει·
384 309 487 373 ἐνίοτε
504 303 649 389 ἀποστάς
665 306 741 376 ὅποι
758 305 802 376 άν
818 309 899 398 τύχη
920 312 1065 399 ἕστηκεν.

62 404 129 493 ήξει
142 406 178 472 δὲ
189 400 322 491 αύτίκα,
346 400 390 483 ὡς
400 403 464 489 ἐγώ
476 402 576 491 οἶμαι.
608 404 652 492 μή
666 400 729 475 ούυ
741 421 876 493 κινεῖτε,
895 404 969 475 ἀλλ’
983 412 1065 479 ἐᾶτε.

66 500 142 576 Αλλ’
158 501 246 570 οὕτω
258 499 319 587 χρή
331 515 453 589 ποιεῖν,
467 509 498 571 εί
505 507 557 572 σοὶ
571 509 677 590 δοκεῖ,
698 503 802 590 φάναι
813 502 1065 589 τὸτἈμάθωνα.

58 599 132 670 ἄλλ’
146 600 247 687 ἡμᾶς,
261 593 288 666 ω’
300 603 422 683 παῖδες,
434 598 514 680 τούς
524 600 648 682 άλλους
660 605 793 672 ἑστιᾶτε.
817 604 948 685 πάντως
959 632 1067 691 παρα-

56 707 167 769 τίθετε
183 697 203 766 ὅ
220 725 252 766 τι
268 693 312 765 άν
322 697 510 785 βούλησθε,
532 702 669 770 ἐπειδάν
679 730 728 783 τις
738 701 819 789 ύμῖν
829 701 873 791 μή
886 707 1065 794 ίφεστήκη·

56 795 155 885 δέμάι
172 794 386 866 οὐδεπώποτε
397 801 550 884 ἐποίησα·
574 808 639 869 νύν
649 794 729 884 οὖν,
750 809 936 889 νομίζοντες
946 808 1000 872 καλ
1012 808 1067 891 ἐμὲ

57 896 121 984 ὑφ’
133 894 229 983 ὑμῶν
240 904 424 984 κεκλῆσθαι
434 898 486 965 ἐπὶ
497 901 635 968 δεῖπνον
645 903 700 969 καὶ
710 901 829 969 τούσδε
840 901 917 981 τούς
932 902 1064 991 ἄλλους,
1084 922 1102 972 c

57 995 277 1082 θεραπεύετε,
299 999 355 1064 ἵνα
377 992 464 1083 ὑμεῖς
484 999 680 1084 ἑπαινοῖμεν.
702 1039 744 1051 -
765 1000 863 1068 Meno}
879 1009 983 1068 ταῦτα
1000 1007 1063 1089 ἔφη

58 1103 147 1182 σφᾶς
163 1095 225 1181 μὲν
244 1099 405 1181 δειπνεῖν,
427 1093 487 1162 τὸν
504 1099 540 1165 δὲ
557 1097 720 1183 Σωκράτη
743 1095 805 1165 ούκ
826 1102 971 1167 εἰσιέναι.
1004 1099 1065 1168 τὸν

56 1188 305 1279 οὖνἈγάθωυα
315 1192 473 1272 πολλάκις
481 1194 629 1264 κελεύειν
637 1198 911 1283 μεταπέμψασθαι
919 1195 1063 1266 τόνΣω-
1179 1194 1185 1209 ’

56 1294 179 1380 κράτη,
204 1296 222 1360 ἓ
237 1293 272 1361 δὲ
284 1291 346 1361 ούκ
359 1296 428 1381 ίᾷυ.
461 1290 557 1377 ήκειν
570 1286 633 1362 ούυ
643 1293 746 1363 αύτόυ
757 1293 799 1363 ού
809 1294 918 1364 πολύν
928 1296 1062 1381 χρόνον,

56 1392 241 1480 άςείιάθει,
260 1398 492 1477 διατρίψαντα,
513 1388 597 1460 ἄλλά
608 1394 749 1479 μάλιστα
760 1402 848 1478 σφᾶς
858 1403 984 1480 μεσοῦν
995 1399 1064 1462 δει-

55 1499 232 1570 πνοῦντας.
251 1489 312 1558 τὸν
323 1482 387 1558 ούν
397 1488 582 1576 Ἀγάθωνα,
593 1492 769 1577 τυγχάνειν
779 1493 843 1576 γάρ
855 1497 991 1577 ἔσχατον
1003 1520 1064 1560 κα-
1117 1542 1120 1547 ,

53 1589 380 1676 τακείμενονμόνον,
403 1587 523 1673 Δεῦρ’,
541 1593 604 1674 ἔφη
623 1589 744 1676 φάναι,
766 1589 958 1678 Σώκρατες,
980 1589 1060 1674 παρ’

22 1752 25 1757 .
57 1690 112 1777 ἐμὲ
123 1690 315 1774 κατάκεισο,
327 1693 382 1757 ἵνα
393 1689 447 1757 καὶ
458 1696 520 1755 τού
530 1695 641 1772 σοφοῦ
651 1684 848 1773 ἀπολαύσω,
861 1687 881 1755 ὅ
891 1710 943 1756 σοι
956 1709 1061 1772 προσ·
1078 1709 1099 1758 D

56 1793 131 1876 ε’στη
152 1792 191 1857 ἐν
210 1802 278 1868 τοῖς
299 1788 492 1872 προθύροις.
525 1791 629 1872 δῆλον
644 1783 709 1871 γάρ
727 1785 778 1855 ὅτι
796 1782 890 1871 εὗρες
908 1783 989 1856 αύτό
1007 1793 1062 1855 καὶ

56 1893 152 1974 ἔχεις·
175 1887 216 1955 ού
233 1885 297 1973 γάρ
319 1881 585 1971 άυπροαπέστης.
616 1887 671 1953 καλ
681 1886 742 1954 τὸν
751 1887 916 1974 Σωκράτη
928 1893 1027 1968 καθίζ
1047 1933 1061 1940 -

56 1996 136 2056 σθαι
147 1991 202 2055 καὶ
214 1992 318 2054 εἰπεῖν
329 1982 381 2052 ὅτι
390 1975 443 2053 Εὖ
454 1979 497 2052 dv
507 1987 590 2069 ἔχοι,
602 1984 724 2070 φάναι,
737 1977 763 2053 ά
770 1983 925 2070 Ἀγάθων
932 2036 941 2070 ,
954 1991 985 2053 ει’
993 2012 1061 2052 τοι-

56 2095 157 2154 ούτου
175 2096 224 2173 εἴη
241 2083 261 2170 ή
281 2090 398 2170 σοφία,
424 2080 502 2150 ὥστ’
523 2086 559 2150 ἐκ
572 2091 633 2150 τού
643 2086 866 2169 πληρεστίρου
878 2089 924 2163 είς
934 2081 995 2151 τὸν
1005 2110 1060 2150 κε-

58 2185 203 2269 υάτερον
220 2187 290 2270 ῥεῖν
306 2180 418 2270 ἡμῶν,
441 2178 501 2249 ἐάν
511 2179 694 2267 ἁπτώμεθα
708 2179 876 2269 ἀλλήλων,
900 2182 1011 2268 ὥσπερ
1023 2179 1059 2250 τό

57 2287 90 2351 ἐν
107 2299 178 2363 ταῖς
194 2283 321 2363 κύλιξιν
339 2278 431 2364 ὕδωρ
443 2277 479 2347 τό
495 2277 548 2348 διὰ
558 2287 620 2347 τού
631 2282 722 2364 ἐρίου
733 2282 811 2365 ῥίον
821 2282 857 2347 ἐκ
869 2287 926 2365 τῆς
937 2290 1061 2367 πληρε-

10 2454 14 2461 ,
57 2387 172 2469 στέρας
184 2388 229 2461 είς
239 2379 300 2467 τήν
311 2381 505 2461 κενωτέραν.
538 2385 568 2446 εί
582 2376 646 2464 γάρ
658 2377 765 2456 οὕτως
775 2383 839 2462 ἔχει
850 2380 904 2445 καὶ
914 2376 935 2464 ἡ
947 2387 1058 2466 σοφία,

55 2489 183 2551 πολλού
199 2487 341 2567 τιμῶμαι
358 2477 419 2565 τήν
433 2475 522 2563 παρά
541 2480 592 2545 σοὶ
610 2476 817 2545 κατάκλισιν·
841 2475 930 2561 οἶμαι
942 2475 1007 2561 γάρ
1018 2503 1059 2562 με
1074 2493 1094 2543 Ε

10 2622 15 2667 ι,
56 2579 144 2665 παρὰ
161 2588 226 2648 σού
242 2587 366 2665 πολλής
382 2579 437 2647 καὶ
454 2584 556 2663 καλῆς
571 2581 690 2660 σοφίας
712 2573 1005 2658 πληρωθήσεσθαι.
1037 2570 1058 2660 ἡ

10 2742 13 2775 2
55 2680 114 2767 μὲν
124 2678 190 2766 γάρ
200 2676 260 2764 ἐμή
273 2676 385 2762 φαύλη
396 2703 444 2755 τις
454 2671 498 2744 άν
511 2685 560 2762 εἴη
571 2675 627 2743 καὶ
637 2669 934 2760 ἀμφισβητήσιμος,
948 2669 1059 2754 ὥσπερ

10 2798 13 2853 ζ
55 2774 139 2865 ὄναρ
150 2769 246 2863 ούσα,
259 2772 279 2860 ἡ
291 2778 326 2842 δὲ
337 2772 377 2861 σή
388 2772 521 2860 λαμπρά
529 2800 563 2842 τε
572 2776 628 2843 καὶ
636 2770 764 2858 πολλὴν
772 2775 920 2840 ἐπίδοσιν
929 2775 1058 2858 ἔχουσα,

54 2874 78 2961 η’
92 2901 130 2961 με
148 2874 237 2960 παρά
256 2880 318 2941 σοῦ
329 2876 409 2940 νίου
420 2871 516 2951 ὄντος
526 2871 614 2941 οὕτω
625 2869 759 2958 σφόδρα
768 2871 926 2956 ἐξέλαμψε
938 2872 992 2939 καὶ
1004 2874 1059 2937 ἐκ·

12 3048 15 3053 ,
55 2970 164 3060 φαυής
179 2976 309 3060 ἐγένετο
326 2971 444 3060 πράηυ
460 2975 497 3040 ἐν
514 2973 657 3060 μάρτυσι
672 2979 741 3039 τῶν
748 2968 914 3057 Ἑλλήνων
925 2964 1059 3053 πλέονή
1099 3013 1101 3017 ν

56 3078 268 3158 τρισμυρίοις.
285 3068 455 3158 Ὑβριστὴς
467 3070 511 3156 εί,
529 3077 609 3157 ἔφη,
621 3064 649 3138 ά
660 3071 854 3156 Σώκρατες,
866 3067 884 3136 ὁ
895 3066 1056 3153 Ἀγάθων.

53 3174 106 3240 καί
123 3178 229 3240 ταῦτα
246 3169 308 3257 μὲν
324 3171 379 3238 καὶ
396 3167 510 3257 ὀλίγον
520 3168 663 3254 ὕστερον
673 3170 935 3255 διαδικασόμεθα
947 3166 1013 3252 ἐμά
1025 3192 1059 3233 τε

54 3273 108 3340 καὶ
125 3268 171 3339 σύ
188 3272 263 3356 περὶ
277 3277 337 3358 τῆς
347 3275 481 3356 σοφίας,
505 3274 641 3356 δικαστῇ
652 3267 816 3355 χράμενοι
826 3274 871 3356 τῷ
883 3265 1057 3355 Διονύσφ·
1142 3290 1144 3349 3

53 3377 119 3439 νῦν
131 3372 168 3438 δδ
179 3367 262 3449 πρὸς
272 3369 309 3439 τὸ
321 3373 460 3439 δεῖπνον
470 3377 585 3452 πρῶτα
594 3369 726 3449 τρίπον.
1139 3362 1144 3373 “
