2408 3780
397 187 750 247 ΠΑΡΜΕΝΙΔΗΣ.
1057 183 1078 243 5

69 347 156 417 αδτά
178 346 217 416 τά
235 351 316 434 γένη
329 371 365 415 τε
382 348 437 415 καὶ
453 351 523 432 εἴδη
542 348 580 413 έν
596 343 709 425 αὑτοῖς
726 344 907 431 ἀποφαίνοι
923 341 1079 412 τάναντία

69 453 176 513 ταῦτα
192 446 286 531 πάθη
299 444 484 529 πάσχοντα,
507 441 599 522 ἀξιον
609 443 808 529 θαυμάζειν·
830 449 862 511 εί
870 441 901 511 δ’
915 442 970 529 ἐμὲ
984 445 1022 511 έν
1031 468 1080 520 τις

69 541 235 622 ἀποδείξει
252 540 333 610 ὄντα
352 543 408 610 καὶ
424 541 545 625 πολλά,
569 550 603 608 τί
619 540 830 627 θαυμαστόν,
852 545 973 625 λέγων,
997 539 1079 607 ὅταν

69 641 133 726 μὲν
149 641 308 727 βούληται
323 637 427 706 πολλά
440 636 655 723 ἀποφαίνειν,
679 636 723 717 ἀς
734 641 829 722 ἕτερα
840 638 900 724 μὲν
911 637 950 705 τά
961 638 1013 704 ε’πλ
1024 641 1079 704 δε-

69 740 122 820 ξιά
133 738 199 825 μού
215 742 321 821 ἐστιν,
343 739 439 822 ἕτερα
456 737 492 805 δὲ
508 736 549 804 τά
567 734 619 804 έπ’
638 735 813 822 ἀριστερά,
834 737 889 803 καὶ
905 736 999 817 ἕτερα
1017 734 1079 819 μὲν

70 836 112 904 τά
134 836 303 920 πρόσθεν,
325 835 420 919 ἕτερα
442 837 478 901 δὲ
498 832 538 900 τά
565 832 725 919 ὄπισθεν,
748 835 803 902 καὶ
821 832 891 900 ἀνω
914 834 969 898 καὶ
989 830 1077 897 κάτω

69 934 244 1014 ἀσαύτως·
266 934 421 1021 πλήθους
430 933 514 1020 γάρ,
528 931 633 1019 οἶμαι,
645 942 782 1018 μετέχω·
805 930 887 1000 ὅταν
899 931 934 999 δὲ
944 930 999 1015 έν,
1012 934 1081 1014 έρεε

70 1033 116 1114 ἀς
126 1031 205 1102 έπτά
215 1030 310 1119 ἡμων
320 1031 429 1100 ὄντων
440 1027 486 1110 εἷς
497 1031 562 1116 έγιό
573 1037 638 1117 εἰμι
649 1031 845 1116 ἅνθρωπος,
867 1031 1011 1117 μετέχων
1022 1027 1078 1094 καὶ
1094 1036 1116 1087 Β

68 1139 133 1200 τοῦ
150 1130 239 1208 ἑνός·
262 1127 345 1197 ὥστε
356 1127 468 1215 ἀληθῆ
479 1126 659 1214 ἀποφαίνει
669 1127 849 1215 ἀμφότερα.
883 1125 943 1197 έάν
956 1119 1020 1194 οὖν
1030 1152 1079 1207 τις

69 1237 205 1297 τοιαῦτα
216 1230 362 1315 ἐπιχειρῇ
373 1223 479 1295 πολλά
491 1228 545 1294 καλ
557 1229 594 1293 ἓν
604 1222 707 1293 ταδτά
719 1225 935 1311 ἀποφαίνειν,
958 1233 1078 1303 λίθους

68 1331 125 1398 καὶ
143 1328 225 1408 ξύλα
244 1328 299 1394 καὶ
314 1326 355 1394 τά
372 1334 526 1412 τοιαῦτα,
548 1327 699 1413 φήσομεν
716 1324 822 1394 αὐτὸν
839 1324 944 1394 πολλὰ
962 1326 1018 1393 καὶ
1039 1328 1078 1392 ἓν

68 1426 326 1505 ἀποδεικνύναι,
349 1422 392 1492 οὐ
402 1425 439 1493 τδ
453 1428 491 1493 ἓν
501 1427 606 1494 πολλοὶ
619 1423 697 1493 οὐδὲ
707 1423 747 1492 τά
760 1422 866 1493 πολλά
878 1425 932 1509 έν,
956 1420 1038 1490 οὐδέ
1046 1449 1078 1489 τι

66 1523 268 1612 θαυμαστὸν
284 1528 407 1608 λέγειν,
430 1520 504 1592 ἀλλ’
526 1522 611 1607 ἅπερ
633 1519 677 1590 ἀν
697 1524 818 1602 πάντες
840 1518 1075 1607 ὁμολογοῖμεν·

67 1621 129 1691 έάν
146 1624 185 1690 δέ
197 1648 263 1705 τις,
286 1617 306 1688 δ
322 1628 388 1687 νῦν
405 1619 445 1706 δή
463 1617 528 1705 ἐγώ
543 1626 674 1706 ἔλεγον,
697 1628 831 1705 πρῶτον
843 1619 904 1705 μὲν
915 1622 1078 1704 διαιρῆται

67 1721 167 1806 χωρὶς
178 1717 263 1787 αὐτοὶ
274 1716 355 1786 καθ’
367 1714 451 1785 αδτά
462 1719 502 1785 τά
514 1723 602 1804 είδη,
614 1713 687 1785 οἷον
698 1715 875 1803 ὁμοιότητά
886 1741 921 1784 τε
931 1718 986 1784 καλ
996 1714 1078 1784 ἀνο-

66 1817 225 1905 μοιότητα
244 1818 300 1885 καὶ
316 1823 446 1902 πλῆθος
458 1818 512 1884 καὶ
523 1815 560 1885 τδ
572 1821 610 1884 ’έν
621 1819 676 1885 καλ
687 1815 804 1884 στάσιν
814 1817 869 1884 καλ
880 1823 1011 1902 κίνησιν
1022 1816 1077 1883 καλ
1095 1828 1114 1877 Ε

66 1914 178 1982 πάντα
195 1911 235 1981 τά
252 1922 406 1997 τοιαῦτα,
430 1910 497 1980 εἶτα
508 1916 545 1982 έν
558 1915 686 1994 ἑαυτοῖς
696 1920 799 1982 ταῦτα
811 1914 980 2000 δυνάμενα
992 1933 1077 1999 συγ-

67 2010 300 2096 κεράννυσθαι
320 2012 375 2079 καὶ
399 2015 629 2096 διακρίνεσθαι
650 2011 837 2099 ἀποφαίνῃ,
867 2009 1011 2097 ἀγαίμην
1032 2005 1077 2077 ἀν

66 2107 180 2195 ἔγωγ’,
203 2114 284 2195 ἔφη,
306 2116 523 2196 θαυμαστοῖς,
546 2102 711 2197 ἀΖήνων.
745 2117 849 2176 ταῦτα
868 2111 904 2175 δὲ
915 2106 1076 2193 ἀνδρείως

66 2209 130 2294 μὲν
142 2207 232 2274 πάνυ
243 2205 387 2294 ήγοῦμαι
399 2214 729 2294 πεπραγματεῦσθαι·
751 2204 839 2275 πολδ
851 2204 942 2293 μέντ’
955 2201 999 2272 ἀν
1011 2196 1076 2272 οἶδε

65 2312 214 2392 μᾶλλον,
233 2303 277 2383 ἀς
287 2307 390 2390 λέγω,
408 2303 608 2391 ἀγασθείην,
627 2314 713 2384 εἴτις
723 2311 789 2390 ἔχοι
800 2302 862 2390 τήν
874 2301 979 2390 αὐτὴν
990 2300 1076 2370 ἀπο-

66 2416 145 2492 ρίαν
153 2407 191 2473 έν
200 2401 312 2483 αὐτοῖς
320 2418 387 2483 τοῖς
397 2409 497 2472 ελδεσι
506 2407 724 2481 παντοδαπῶς
733 2404 949 2488 πλεκομένην,
963 2399 1074 2484 ὥσπερ
1094 2414 1140 2471 lat

64 2506 104 2570 έν
126 2515 196 2580 τοῖς·
216 2498 398 2588 δρωμένοις
418 2502 588 2587 διήλθετε,
612 2498 700 2567 οὕτω
721 2501 777 2568 καὶ
794 2504 831 2569 έν
845 2513 913 2579 τοῖς
928 2507 1075 2590 λογισμῷ

64 2602 331 2685 λαμβανομένοις
341 2604 503 2680 ἐπιδεῖξαι.

102 2744 104 2749 -
151 2703 203 2765 IV.
248 2699 414 2782 Λέγοντος
424 2698 483 2784 δή,
508 2694 837 2782 έφηὸΠυθόδωρος,
859 2706 920 2765 τοῦ
929 2697 1075 2781 Σωαρά-

63 2820 145 2873 τους
163 2801 267 2861 ταῦτα
282 2791 384 2874 αάτδς
401 2795 462 2882 μὲν
479 2804 610 2864 οἴεσθαι
620 2793 676 2880 ἐφ’
688 2793 829 2864 ἑκάστου
839 2793 1006 2881 ἀχθεσθαι
1015 2794 1076 2862 τόν

65 2917 101 2958 τε
116 2897 331 2979 Παρμενίδην
348 2894 403 2960 καὶ
419 2891 481 2962 τδν
497 2893 654 2980 Ζήνωνα,
675 2893 754 2975 τοὺς
772 2896 808 2963 δὲ
825 2894 916 2962 πάνυ
932 2919 967 2960 τε
984 2890 1076 2980 αὐτῷ

64 2991 240 3074 προσέχειν
250 2988 310 3059 τδν
321 2999 405 3060 νοῦν
416 2993 470 3059 καὶ
481 2991 574 3078 θαμὰ
586 2997 631 3071 είς
641 2991 804 3079 ἀλλήλους
813 2995 995 3079 βλέποντας
1003 3015 1076 3076 μει-

65 3090 145 3174 διηῖν
163 3084 208 3165 ὡς
223 3085 409 3173 ἀγαμένους
425 3086 486 3156 τδν
499 3089 672 3175 Σωιιράτη.
706 3088 789 3175 ὅπερ
805 3081 868 3156 οὖν
879 3089 933 3155 καὶ
943 3106 1075 3154 παυσα-

64 3182 286 3270 μένουαύτοδ
303 3190 408 3254 εἰπεῖν
425 3185 484 3253 τδν
494 3191 724 3273 Παρμενίδην,
743 3179 985 3271 ὨΣάαρατες,
1007 3184 1075 3271 φά-

65 3308 139 3368 ναι,
163 3279 208 3362 ἀς
224 3281 313 3363 ἀξιος
329 3281 358 3351 εί
373 3283 520 3369 ἀγασθαι
536 3292 594 3369 τῆς
605 3283 707 3370 δρμής
718 3291 775 3370 τῆς
786 3284 837 3351 ἐπὶ
848 3283 927 3364 τούς
937 3283 1074 3369 λόγους·
1093 3300 1114 3351 Β

63 3386 124 3448 καί
137 3406 196 3466 μοι
211 3384 298 3466 εἰπέ,
322 3379 422 3461 αάτδς
439 3379 482 3449 σι)
500 3381 588 3449 οὕτω
606 3380 759 3471 διήρησαι
776 3376 820 3461 ἀς
838 3384 962 3468 λέγεις,
979 3383 1097 3475 χωρὶς,
