2408 3780
63 246 68 251 ,
102 188 128 243 ιι
419 181 738 241 Σειιιιοπιοιι.
1020 178 1081 242 εει

76 378 80 383 -
99 346 146 407 τοῦ
160 336 218 425 γάρ
234 336 412 409 ἀθανάτου
429 342 558 426 ἐρῶσιν.
591 343 625 407 οἱ
640 340 702 426 μὲν
712 333 776 407 ούν
787 341 983 426 ἐγκύμονες,
1007 343 1081 425 ἔφη,

99 436 164 507 ιαιά
179 438 313 526 σύματα
331 436 425 519 ὄντες
435 436 518 525 πρός
527 435 586 517 τάς
595 451 757 523 γυναῖκας
767 445 895 524 μᾶλλον
906 440 1082 522 τρέπονται

98 538 140 605 καλ
152 538 251 627 ταύτῃ
268 542 422 626 ἐρωτικοί
435 544 513 621 είσι,
536 532 589 605 διά
601 540 814 622 παιδογονίας
824 533 1015 606 ἀθανασίαν
1027 540 1082 605 καὶ

97 636 272 723 ρνήρηνκαί
281 634 506 721 εὐδαιμονίαν,
520 630 563 713 ὡς
572 643 707 718 οἴονται,
721 631 832 713 αὐτοῖς
844 639 889 713 είς
901 631 961 702 τόν
972 638 1081 702 ἔπειτα

37 786 39 823 ;
65 790 69 795 .
96 734 198 819 χρόνον
213 734 322 804 πάντα
339 732 563 821 ποριζόμενοι·
585 736 620 801 οί
631 732 665 801 δὲ
676 729 759 800 καιά
771 731 834 818 τήν
845 731 1007 818 ψυχήν-
1019 736 1079 803 είσὶ
1097 752 1149 810 ιοε

37 904 41 917 ,
95 828 146 920 γαρ
155 860 233 921 ουν,
253 839 393 922 ἔφημιῖ
402 837 518 911 ἐνταις
529 844 647 918 ψυχαῖς
658 836 798 898 κνουσιν
809 835 855 897 ἔτι
870 828 1024 915 μαλλον
1008 860 1026 917 η
1025 831 1078 901 ἐν

63 1016 66 1023 Ι
95 932 320 1052 ιοίςσιόμασιν,
344 928 464 1021 ἀύυίῇ
475 930 634 1016 προσηκει
645 957 700 999 και
709 938 829 1017 κνησαι
847 933 902 1000 καὶ
918 945 1026 999 κυεῖν·
1048 939 1082 1001 τί

94 1020 144 1097 νύν
161 1031 338 1119 προσήκεις
360 1028 526 1117 φρόνησίν
541 1054 576 1097 τε
593 1032 648 1099 καὶ
665 1029 727 1116 τήν
744 1028 888 1117 ἀλλην’
867 1031 1006 1118 αρετήν
1030 1059 1078 1101 ων

37 1128 40 1133 ’
61 1142 65 1147 ’
94 1127 197 1213 δήείσι
152 1130 320 1198 ίιιαὶί
285 1156 302 1197 ο
304 1132 463 1217 ίποιηταδ
480 1129 601 1208 πάντες
617 1130 814 1217 γεννήτορες
831 1132 886 1199 καὶ
901 1157 969 1199 των
982 1135 1078 1221 δημι-

37 1224 39 1233 ’
94 1236 209 1313 ονργείν
225 1226 298 1297 ὅσοι
314 1229 466 1315 λέγονται
483 1224 644 1314 εύρετικοδ
661 1226 760 1296 εἶναι·
783 1228 870 1297 πολύ
883 1231 920 1297 δὲ
931 1237 1076 1320 μεγίστη,

58 1394 61 1401 ,
92 1326 155 1413 ἔφη,
171 1330 226 1396 καὶ
236 1335 392 1413 καλλίστη
404 1335 462 1414 της
473 1327 668 1414 φρονήσεως
678 1325 699 1413 ή
710 1330 785 1412 περὶ
798 1326 855 1408 τὰς
865 1338 934 1397 τῶν
945 1331 1078 1400 πόλεων

91 1426 180 1493 τεκαὶ
196 1425 358 1513 οἰκήσεων
374 1417 667 1512 διακοσμήσας,
644 1452 665 1514 η
685 1423 763 1513 δή”
743 1453 849 1513 ονομα
842 1426 928 1496 ’ἐστι
941 1448 1077 1516 σωφρο-

91 1522 159 1610 σόνη
175 1549 212 1593 τε
228 1525 283 1592 καί
300 1523 511 1610 δικαιοσύνη·
533 1522 661 1591 τούτων
677 1517 722 1591 αύ
733 1523 815 1593 ὅταν
825 1553 872 1605 τις
883 1529 970 1595 ἐκ
930 1554 1009 1596 νεον
1023 1532 1079 1616 ἐγ·
1096 1556 1116 1605 B

90 1620 191 1707 αόμων
207 1614 231 1711 ή
246 1620 307 1710 τήν
323 1620 433 1709 ψνχην
449 1620 588 1702 batos*
560 1649 626 1708 ων,
648 1620 737 1691 καδ’
717 1624 865 1710 ηκούσης
881 1632 939 1711 τῆς
949 1623 1076 1713 ἡλικίας

90 1724 196 1801 τίκτειν
206 1747 241 1789 τε
252 1726 308 1789 καὶ
318 1748 443 1810 γενναν
455 1720 517 1809 ηδη
530 1724 694 1811 ἐπνδνμη,
717 1729 805 1810 ζήτει
812 1724 869 1812 δη,
893 1723 997 1813 οἶμαι,
1021 1732 1075 1795 καὶ

88 1808 171 1899 νότος
185 1816 325 1903 περιιόν
339 1818 376 1888 τό
395 1821 499 1888 καλὸν
515 1813 599 1888 ἐν
570 1847 597 1910 ῳ
614 1817 657 1889 ἀν
672 1823 880 1910 γεννήσειεν·
902 1828 939 1893 ἐν
955 1834 1001 1917 τῷ
1012 1826 1075 1912 γάρ

52 1908 64 1975 ’.
87 1920 197 2009 αἰσχρῷ
212 1915 372 1987 ούδίποτε
388 1918 550 2007 γεννήσει.
583 1921 624 1988 τύ
642 1948 676 1990 τε
694 1914 757 1990 οὖν
773 1921 907 2009 σύμαια
929 1924 969 1992 τά
991 1926 1074 1992 καλὰ

85 2010 235 2097 wilm*
212 2042 235 2102 η
251 2016 292 2083 τά
309 2016 424 2103 αἰσχρά
437 2016 647 2098 ἀσπάζεται”’
624 2047 681 2088 ατε
692 2029 800 2106 κύων,
822 2026 876 2091 καὶ
888 2021 946 2091 ἐάν
956 2025 1075 2145 ἐντύχη

48 2114 52 2121 ’
85 2120 255 2205 ίνγῇκαλη
265 2118 447 2202 καὶγενναί
445 2119 532 2207 ρικαι
544 2115 677 2203 εὐφυεῖ,
695 2119 785 2187 πάνυ
798 2119 836 2208 δή
853 2118 1071 2203 ἀσπάζεται
1037 2150 1072 2191 το

83 2212 343 2301 ξυναμφότερον,
364 2217 419 2284 καὶ
439 2212 524 2301 πρός
545 2224 664 2285 τοῦτον
684 2214 744 2286 τὸν
766 2217 949 2304 ἅνθρωποι
971 2220 1075 2301 εύδύς

82 2306 210 2402 ιύπορεί
223 2313 335 2400 λόγων
353 2317 428 2402 περὶ
444 2313 562 2403 ἀρετῆς
579 2319 726 2403 καὶπερὶ
743 2312 816 2385 οἷον
833 2317 893 2403 χρή
912 2318 996 2387 εἶναι
1014 2321 1073 2389 τὸν

37 2424 41 2485 ξι
79 2406 177 2499 ἀνδρα
195 2408 256 2479 τόν
273 2409 407 2498 ἀγαθόν
421 2411 510 2481 καδά
520 2415 741 2500 ἐπιτηδεύειν,
765 2416 820 2482 καὶ
832 2419 987 2501 ἐπιχειρεῖ
995 2443 1073 2484 παι·
1093 2437 1112 2487 c

38 2496 42 2515 ¹
78 2510 189 2579 δεύειν.
224 2506 409 2598 ἁπτόμενος
429 2510 510 2598 γάρ,
534 2511 639 2599 οἶμαι,
661 2520 723 2580 τού
744 2520 849 2580 καλοῦ
871 2518 926 2581 καὶ
949 2511 1074 2600 ὁμιλῶν

75 2606 177 2699 αύτῷ,
201 2606 224 2676 ἀ
240 2610 342 2678 πύλαι
359 2608 463 2696 ἐκύει,
489 2617 590 2679 τίκτει
608 2613 662 2680 καὶ
679 2620 800 2700 γεννᾷ,
822 2614 877 2679 καὶ
889 2613 1006 2697 παρών
1020 2617 1072 2683 καὶ

72 2704 164 2776 ἀπύν
180 2712 403 2796 μεμνημένος,
427 2713 482 2779 καὶ
499 2709 535 2778 τό
553 2712 719 2797 γεννηθὲν
741 2714 957 2797 σιινεκτρέφει
979 2724 1075 2803 κοινῇ

72 2804 142 2893 μετ’
162 2809 310 2894 ἐκείνου,
334 2828 417 2877 ιιστε
433 2808 520 2877 πολύ
537 2815 635 2895 μείζω
652 2814 831 2876 κοινωνίαν
848 2817 906 2896 τῆς
916 2819 984 2879 τῶν
998 2822 1075 2879 παί·

71 2908 139 2975 δων
156 2905 243 2989 πρός
253 2904 417 2993 ἀλλήλους
428 2910 462 2975 οδ
468 2915 613 2977 τοιούτοι
625 2918 754 2994 ίσχουσι
767 2910 821 2976 καὶ
834 2916 950 2994 φιλίαν
960 2918 1075 2997 βεβαι-

69 3006 204 3091 οτέραν,
217 3000 275 3073 ἀτε
285 3005 471 3073 καλλιόνων
481 3008 536 3075 καὶ
547 3004 812 3093 ἀδανατωτέρων
824 3012 952 3076 παίδων
963 3034 1073 3076 κεκοι-

67 3102 264 3190 νωνηκότες.
295 3107 349 3172 καὶ
366 3112 431 3184 πᾶς
447 3100 490 3172 ἀν
508 3110 633 3186 δέξαιτο
651 3108 757 3195 ἑαυτῷ
775 3106 945 3182 τοιούτους
956 3109 1073 3185 παῖδας

65 3209 196 3290 μᾶλλον
212 3204 384 3289 γεγονέναι
399 3201 422 3289 ή
437 3202 516 3285 τούς
533 3201 785 3293 ἀνθρωπίνους,
808 3203 862 3270 καὶ
874 3199 1070 3291 εἰς”Ομηρον
1087 3218 1108 3268 Ι)

65 3298 260 3389 ἀποβλέψας
279 3304 333 3372 καὶ
347 3300 501 3372 Ἡσίοδον
521 3305 576 3371 καὶ
597 3301 675 3381 τοὺς
695 3300 817 3380 ἀλλους
837 3300 974 3388 ποιητάς
994 3303 1073 3385 τούς

64 3398 222 3487 ἀγαθούς
244 3404 366 3489 ζηλοῖν,
389 3399 443 3471 οἶα
467 3408 588 3488 ἔκγονα
610 3404 738 3471 ἑαυτῶν
759 3401 1080 3487 καταλείπουσιν,ἅ
