2422 3780
456 179 692 238 ΦΙΛΗΒΟΣ.
1013 179 1073 246 137

152 342 226 404 ΣΩ.
261 343 345 422 Ναί,
364 335 401 404 τδ
415 340 452 405 δέ
461 363 499 423 με
509 338 590 423 μετά
600 345 699 405 τοῦτο
712 336 896 424 άκοάιυμεν.
932 339 995 425 ἐγώ
1007 342 1111 428 μάρΕ

63 432 107 520 δὴ
126 433 271 502 κατιδών
283 434 366 520 άπερ
378 443 442 503 νῦν
454 436 493 521 δὴ
506 434 704 522 διελῆλυδα,
727 439 782 504 καὶ
794 439 1000 525 δυσχεράνας
1010 439 1071 509 τδν

62 533 217 620 Φιλῆβου
234 533 337 620 λόγον
353 533 394 602 οῦ
409 533 518 621 μόνον
536 533 619 603 άλλά
637 536 691 604 καί
708 534 818 626 ἄλλων
835 537 992 617 πολλάκις
1009 566 1074 624 μυ-

64 636 165 717 ρίωυ,
191 631 284 700 είπον
303 630 348 712 ὡς
363 629 486 718 ἡδονῆς
502 659 539 717 γε
551 642 631 713 νοῦς
643 644 693 720 είη
705 643 820 725 μακρῷ
832 636 961 721 βέλτιόν
971 663 1007 703 τε
1018 642 1073 705 καί

68 729 205 814 ῆμεινον
215 738 263 819 τῷ
272 737 341 797 τῶν
352 728 545 817 ἀνθρώπων
555 738 626 821 βίφ.

118 888 121 893 .
151 833 252 895 Hm.
284 820 468 897 Ἦνταῦτα.

151 931 225 994 ΣΩ.
251 922 464 1007 Ὑποπτεάυν
482 932 520 999 δέ
533 954 572 1014 γε
587 934 643 997 καὶ
660 930 743 999 άλλα
757 931 839 999 εἶναι
850 931 956 1002 πολλοὶ
968 932 1072 1018 εἶπον,

63 1022 111 1102 ὡς
122 1029 153 1093 εί
161 1033 281 1110 φανείη
293 1051 324 1093 τι
334 1027 464 1093 τούτων
476 1024 602 1113 άμφοῐυ
612 1030 757 1115 βέλτιον,
780 1028 863 1114 ὑπὲρ
873 1039 942 1099 τῶν
959 1036 1073 1100 δευτε-

64 1129 167 1207 ρείων
178 1130 225 1213 νῷ
238 1122 322 1211 πρὸς
332 1123 459 1211 ἡδονὴυ
469 1131 759 1215 ξυνδιαμαχοίμῆν,
769 1126 873 1215 ῆδονὴ
885 1130 920 1198 δὲ
929 1132 984 1198 καὶ
995 1134 1073 1198 δευ-

62 1224 411 1309 τερείοιυστερῆσυιτο.

152 1327 251 1388 ΠΡΩ.
280 1319 381 1401 Εἶπες
392 1322 455 1407 γάρ
467 1318 538 1391 οῦν.
1087 1352 1121 1410 67

151 1425 226 1485 Σίδ.
258 1422 324 1487 Καὶ
347 1420 425 1506 μετά
447 1423 603 1509 ταῦτάγε
621 1425 757 1492 πάντων
773 1425 978 1495 ἱκανώτατον
994 1426 1073 1495 τού-

63 1543 137 1585 τοιν
150 1515 326 1601 οὐδέτερον
338 1518 455 1587 ίκαυδυ
466 1522 583 1608 ἐφάνη.

150 1622 252 1683 ΠΡΩ.
284 1615 513 1703 Ἁλῆδέστατα.

150 1720 226 1782 ΣΩ.
266 1713 405 1783 Οὐκοῦν
424 1717 634 1786 παντάπασιν
656 1723 692 1786 ἐν
711 1719 817 1808 τοάτφ
839 1724 884 1808 τῷ
906 1718 994 1807 λόγῳ
1017 1719 1072 1786 καὶ
1107 1805 1110 1808 ‚
1176 1748 1179 1755 ·

64 1820 150 1890 νοῦς
166 1810 355 1898 ἀπήλλακτο
374 1818 429 1881 καί
446 1815 549 1903 ἡδονῆ
569 1818 614 1903 μῆ
625 1843 676 1885 τοι
685 1815 838 1903 τάγαθόν
847 1842 885 1903 με
897 1814 978 1885 αὐτὸ
992 1815 1070 1904 μηδ’

64 1915 182 2000 ἕτερον
199 1910 314 1980 αὐτοῖν
332 1913 431 1998 εἶναι,
451 1915 652 2001 στερόμενον
669 1912 863 2000 αὐταρκείας
879 1916 934 1983 καί
945 1923 1002 2001 τῆς
1012 1922 1074 1982 τοῦ

65 2016 188 2080 ἱκανοῦ
198 2012 252 2079 καί
262 2014 376 2080 τελέου
388 2013 576 2099 δυνάμεως;

155 2132 256 2195 ΠΡΩ.
287 2123 476 2211 Ὀρδότατα.

154 2246 228 2307 Σίλ.
266 2243 433 2318 Φανέυτος
451 2244 488 2308 δέ
501 2267 538 2326 με
555 2237 660 2307 άλλου
671 2245 783 2324 τρίτου
795 2245 982 2324 κρείττονος
992 2237 1073 2305 τοῦ·

65 2365 141 2408 τοιυ
162 2341 337 2423 ἑκατέρου,
359 2344 466 2428 μυρίφ
489 2332 533 2405 αὖ
552 2345 633 2415 νοῦς
653 2336 776 2423 ἡδονῆς
796 2336 997 2422 οἰκειότερον
1018 2339 1073 2404 καὶ

65 2440 343 2525 προσφυὲστερον
354 2437 518 2521 πέφανται
530 2444 595 2503 νῦν
607 2443 647 2522 τῆ
659 2441 721 2503 τοῦ
732 2441 893 2512 νικῶντος
907 2437 989 2520 ἰδέᾳ.

150 2556 252 2618 Hm.
282 2545 508 2632 Πῦςμδροῦς

154 2668 228 2729 ΣΩ.
262 2660 401 2730 Οάκοῦυ
417 2664 564 2747 πέμπτου
581 2660 663 2728 κατά
681 2658 743 2746 τῆν
758 2666 884 2745 κρίσιν,
904 2655 949 2743 ἡν
969 2665 1035 2727 νῦν
1056 2656 1074 2726 ὁ

66 2761 168 2848 λόγος
180 2757 372 2847 άπεφῆνατο
379 2810 389 2846 ,
401 2758 541 2846 γίγνοιτ’
553 2754 596 2827 άν
606 2755 627 2846 ἡ
639 2766 696 2845 τῆς
705 2755 828 2844 ἡδονῆς
840 2757 988 2844 δύναμις.

131 2881 253 2942 ‘119ss
278 2873 418 2943 Ἔοικεν.

153 2992 228 3054 ΣΩ.
258 2993 400 3070 Πρῶτον
421 2991 459 3055 δέ
476 3011 514 3071 γε
537 2983 612 3054 οὐδ’
631 2980 674 3053 άν
692 2989 726 3053 οἱ
741 2985 862 3062 πάντες
878 2983 954 3071 βόες
970 3008 1005 3050 τε
1022 2985 1076 3049 καλ
1092 3001 1113 3051 Β

64 3091 163 3156 ἵπποι
174 3085 228 3153 καί
239 3077 343 3152 τάλλα
355 3083 526 3170 ξύμπαντα
536 3091 639 3171 δῆρία
651 3091 739 3172 φῦσι
750 3091 796 3171 τῷ
809 3080 847 3150 τδ
859 3088 985 3167 χαίρειν
997 3081 1076 3147 διά-

65 3211 156 3254 κειν·
177 3179 226 3262 οἷς
243 3183 470 3268 πιστεύοντες,
495 3181 605 3266 ὥσπερ
623 3183 756 3268 μάντεις
773 3179 920 3265 ὄρνισιν,
945 3183 978 3245 οἱ
993 3188 1076 3247 πολ-

66 3286 120 3353 λοὶ
137 3291 290 3370 κρίνουσι
306 3280 365 3362 τάς
380 3279 505 3370 ἡδονάς
523 3286 568 3359 είς
584 3280 621 3347 τὸ
634 3285 692 3368 ζῆν
703 3277 782 3364 ἡμῖν
795 3270 834 3346 m}
846 3285 1019 3364 κρατίστας
1031 3279 1077 3346 εῖ-

65 3410 139 3467 ναι,
163 3385 218 3450 καλ
234 3380 314 3460 τοῦς
329 3388 460 3467 θηρίων
476 3385 598 3466 ἔρωτας
609 3386 735 3446 οίουται
746 3383 884 3464 κυρίους
895 3376 979 3445 εἶναι
989 3377 1076 3463 μάρ-
