2422 3780
114 171 155 234 62
472 174 756 234 ΠΛΑΤΩΝΟὶ

199 341 257 404 ΦΙ.
289 333 387 400 Πάνυ
398 326 543 456 666066.

198 439 273 500 26.
320 430 419 500 Τοῦτ’
447 429 527 499 αὐτὸ
556 429 715 500 τοίνυν“
699 440 783 518 ημᾶς
810 430 828 498 6
851 430 1004 516 πρόσθεν
1025 431 1124 517 λόγος

64 644 96 698 19
113 630 156 718 66
171 630 290 717 όπειρα
302 629 424 713 εύθύς,
444 628 530 698 άλλά
546 628 623 698 τινά
641 653 721 696 ποτε
733 627 881 714 άριθμόν
892 630 1051 716 ἑκάτερον
1064 633 1121 714 66-

1 812 3 816 ’
114 740 265 816 προσθεν
282 730 434 814 κέκτηται
450 736 512 795 τοῦ
527 726 647 812 ἄπειρα
664 724 777 794 αύτοϊν
793 729 914 795 ἕκαστα
930 731 1122 814 γεγονέναι;

195 833 297 896 ΠΡΩ.
334 822 408 894 Ουκ
419 831 466 906 είς
477 826 610 912 φαυλον
620 852 658 911 γε
668 827 835 912 ἐρωτημα
856 818 1040 947 οόΦίληβε,
1057 823 1122 893 ούκ

113 924 217 994 06⁹
197 953 312 993 ουτιυα
329 925 455 1008 τρόπον
471 925 584 1014 κύκλῳ
603 949 672 1003 πως
689 923 899 1010 περιαγαγών
915 920 1003 1045 6669
1024 918 1122 1011 6666-

112 1033 214 1111 βληκε
225 1023 417 1109 Σωκράτης,
429 1025 484 1091 καὶ
495 1023 612 1091 σκόπει
622 1022 662 1109 66
675 1024 812 1110 πότερος
821 1019 918 1143 ἡμῶν
927 1019 1122 1104 άποκρινει-

112 1148 165 1190 ται
176 1121 212 1189 τό
226 1130 291 1190 νύν
302 1121 526 1206 ἐρωτώμενον.
537 1130 616 1200 ἴσως
629 1120 669 1209 66
681 1130 814 1207 γελοῖον
826 1147 863 1189 το
853 1119 930 1207 ἐμὲ
940 1129 1002 1188 τοῦ
1014 1120 1121 1206 λόγου

113 1220 268 1305 διάδοχον
286 1227 454 1297 παντελιός
474 1217 666 1288 ὑποστάντα
688 1219 741 1307 66
761 1219 799 1288 τό
822 1216 866 1306 66
889 1218 1062 1288 δύνασθαι
1081 1217 1120 1287 τό

112 1327 178 1385 νῦν
197 1320 364 1404 ἐρωτηθὲν
382 1316 628 1402 ἀποκρίνασθαι
649 1323 701 1387 σοί
719 1319 820 1386 πάλιν
835 1325 934 1386 τοῦτο
951 1317 1120 1407 προστάτ-

77 1437 96 1486 B
115 1443 199 1485 τειυ·
221 1416 429 1502 γελοιότερον
446 1415 478 1484 6'
496 1415 586 1503 οἶμαι
601 1416 688 1486 πολύ
704 1415 742 1486 τό
757 1421 938 1503 μηδέτερον
948 1414 1046 1503 ἡμῶν
1058 1419 1117 1484 66-

110 1527 249 1585 νασθαι·
274 1515 389 1584 σκόπει
408 1515 447 1603 66
466 1524 500 1584 τί
515 1516 690 1601 δράσομεν.
713 1519 784 1601 είόη
801 1515 866 1600 γάρ
886 1538 943 1601 μοι
953 1516 1121 1584 δοκελνύυ

110 1684 218 1780 ὁπόσα
241 1716 306 1781 ἐστὶ
327 1711 418 1782 καὶ
403 1728 514 1782 οποϊα
538 1712 643 1798 τηςτ’
663 1705 707 1780 αύ
724 1712 919 1800 φρονησεως
936 1716 1012 1836 πέρι
1033 1711 1118 1781 κατὰ

110 1809 213 1878 ταύτὰ
226 1810 389 1890 ὡσαύτως

194 1915 269 1976 ΣΩ.
298 1907 517 1995 ’Λληθέστατα
535 1905 708 1994 λέγεις,
681 1939 707 1978 ω
726 1925 788 1979 παῖ
799 1918 963 1979 Καλλίου
986 1907 1030 1996 66
1051 1906 1118 1996 γάρ

111 2008 290 2094 δυνάμενοι
307 2015 404 2075 τοῦτο
422 2008 505 2075 κατὰ
528 2009 649 2087 παντὸς
668 2006 742 2089 ἑνός
758 2012 814 2076 καί
832 2005 950 2094 ὁμοίου
967 2005 1117 2076 καὶταύ-

110 2115 170 2173 τοῦ
189 2113 275 2195 6666
291 2109 346 2173 καί
363 2115 425 2174 τού
442 2109 609 2192 ἐναντίου,
634 2105 679 2186 69
695 2105 712 2174 6
731 2106 913 2192 παρελθών
924 2107 1024 2192 λόγος
1037 2107 1117 2194 666-

110 2224 229 2288 νυσεν,
253 2202 412 2282 ούθεὶςί
381 2230 396 2271 ε
411 2231 427 2283 ς
397 2202 541 2272 οὐδὲν
560 2203 698 2283 οὐθενός
709 2200 752 2272 άν
768 2203 864 2292 ἡμῶν
881 2202 1042 2273 ούόέποτε
1059 2207 1118 2291 γε’-

111 2301 308 2383 νοιτοάξιος.

72 2413 91 2464 0
191 2410 291 2472 16³6.
321 2400 450 2488 Σχεθόν
471 2407 577 2471 ἔοικεν
599 2398 721 2487 οὕτως,
747 2394 773 2469 6
796 2401 989 2486 Σώκρατες,
1013 2405 1115 2485 ἔχειν·

18 2542 21 2547 ·
108 2498 191 2567 ἄλλά
212 2501 315 2568 καλὸν
337 2499 448 2586 μὲν
415 2527 451 2568 το
471 2502 642 2587 ξύμπαντα
659 2500 858 2585 γιγνώσκειν
880 2508 927 2588 τῷ
948 2499 1113 2588 σώφρονι,

8 2637 10 2641 -
109 2595 261 2681 δεύτερος
280 2596 312 2663 6'
331 2596 415 2665 εἶναι
431 2607 535 2677 πλοῦς
546 2595 685 2666 δοκεῖ
645 2624 688 2683 μη
704 2597 889 2666 λανθάνειν
900 2596 1013 2668 αὑτόν.
1026 2612 1061 2668 τί
1070 2598 1129 2687 66¹¹

108 2719 164 2780 μοι
182 2701 279 2760 τούτο
294 2702 420 2781 είρηται
431 2694 469 2763 τά
482 2705 563 2778 νύν;
583 2696 647 2781 ἐγώ
659 2717 712 2763 σοι
723 2696 851 2785 φράσω.
864 2695 907 2763 σύ
919 2695 1019 2782 ιη’νθε
1031 2695 1114 2785 ἡμῖν

107 2791 168 2879 τὴν
179 2799 376 2878 συνουσίαν,
390 2785 417 2861 6
426 2794 618 2881 Σώκρατες,
636 2799 801 2874 ἐπέδωκας
811 2804 892 2863 πάσι
902 2800 957 2864 καί
968 2797 1114 2865 σεαυτόν

106 2889 189 2974 πρὸς
197 2888 233 2956 τό
244 2895 423 2972 διελέσθαι,
432 2899 465 2959 τί
471 2901 538 2959 τῶν
547 2891 954 2980 άνθρωπίνωνκτημάτων
962 2891 1111 2981 ἄριστον.

106 2989 257 3075 Φιλήβου
273 2985 337 3073 γάρ
356 2990 506 3069 εἰπόντος
522 2988 650 3078 ἡδονὴν
667 2996 722 3061 καί
739 2996 855 3080 τέρψιν
866 2995 920 3061 καί
930 2989 1040 3077 χαράν
1055 2996 1113 3062 καὶ

105 3085 213 3155 πάνθ’
231 3084 337 3156 ὁπόσα
348 3088 474 3156 τοιαῦτ’
486 3093 568 3176 ἐστί,
587 3091 630 3157 σύ
641 3090 724 3176 πρός
735 3088 818 3158 αύτά
830 3090 996 3174 άντεῑπες,
1013 3089 1059 3171 69
1070 3090 1113 3161 06

66 3200 87 3249 D
104 3192 207 3252 ταῦτα
224 3183 298 3254 ἀλλ’
317 3187 426 3255 ἐκεῖνά
443 3189 546 3273 ἐστιν,
569 3185 590 3254 6
609 3190 765 3267 πολλάκις
781 3185 867 3274 6669
882 3187 1007 3269 αύτούς
1024 3187 1112 3259 άυα-

103 3283 329 3370 μιμνήσκομεν
339 3283 482 3370 ἑκόντες,
505 3283 617 3370 όρθοός
629 3291 786 3373 θρτόντες,
808 3283 854 3353 ἵν’
870 3290 907 3355 ἐν
918 3289 1031 3376 μνήμη
1044 3314 1112 3358 πα-

104 3389 278 3463 ρακείμενα
293 3384 428 3467 ἑκάτερα
445 3391 669 3471 βασανίζηται·
691 3382 757 3471 669
774 3381 805 3451 6'
828 3381 872 3465 69
895 3391 982 3455 ἔοικε
1004 3385 1049 3454 σύ
1070 3387 1109 3457 τό
