2408 3780
144 164 206 227 368
547 168 753 226 ΘΕΑΓΗΣ.
1120 176 1152 229 98

144 337 208 414 γάρ
219 355 293 416 μοι,
310 335 378 395 τῶν
389 324 575 414 ἡλικιωτῶν
586 327 672 406 τινὲς
684 326 789 396 αὐτοῦ
799 330 855 397 καὶ
868 333 1038 415 δημοτῶν,
1062 325 1151 406 είςτδ

144 426 227 495 άστυ
236 433 501 512 καταβαίνοντες,
511 426 631 511 λόγους
639 423 1072 511 τινδςάπομνὴμονεύοντες
1082 430 1153 492 δια-

143 528 362 614 ταράττουσιν
374 522 493 593 αύτόυ·
506 521 565 603 οὓς
576 525 718 610 ἐζήλωκε
728 524 783 591 καὶ
795 523 897 591 πάλαι
908 549 965 609 μοι
976 525 1152 612 πράγματα

143 629 292 712 παρέχει,
315 622 416 705 άξιῶν
434 626 675 710 ἐπιμεληθῆναί
689 647 729 709 με
741 624 863 690 ἑαυτοῦ
874 624 929 690 καὶ
939 623 1091 710 χρήματα
1101 649 1153 691 τε·
1185 696 1187 709 ,

143 729 235 792 λε’σαι
246 724 309 792 τινὶ
319 731 387 791 τῶν
396 729 575 809 σοφιστῶν,
588 720 677 801 ὅστις
688 719 792 791 αύτδν
804 718 913 808 σοφὸν
923 721 1064 808 ποιήσει.
1083 722 1153 808 ἐμοὶ

146 823 182 891 δὲ
193 830 261 889 τῶν
271 822 332 908 μὲν
341 822 517 908 χρημάτων
529 824 583 890 καὶ
595 827 730 890 ἔλαττον
741 823 847 907 μέλει,
870 817 1015 907 ἡγοῦμαι
1027 819 1064 889 δὲ
1073 827 1152 888 τοῦ·

77 939 128 994 122
144 949 204 990 του
216 920 278 990 οὐκ
292 927 337 999 είς
349 917 491 1007 σμικρὸν
501 923 662 989 κίνδυνον
673 923 773 1006 ἰέναι,
794 917 826 989 οἱ
836 921 981 989 σπεύδει.
1001 926 1082 1000 τέως
1091 923 1151 1008 μὲν
1184 914 1187 989 ἶ

145 1013 208 1088 οὖν
225 1017 328 1089 αὐτὸν
347 1034 497 1106 κατεῖχον
514 1020 835 1107 παραμυθούμενος·
855 1018 965 1108 ἐπειδὴ
987 1020 1022 1090 δὲ
1042 1019 1152 1089 ούκέτι
1185 1058 1187 1111 3

145 1116 214 1199 οἷός
235 1125 272 1188 τί
291 1127 372 1207 είμι,
395 1119 539 1208 ἡγοῦμαι
556 1119 733 1206 κράτιστον
750 1119 833 1188 εἶναι
850 1124 1028 1205 πείθεσθαι
1050 1118 1150 1209 αύτῷ,
1185 1144 1187 1191 ε

142 1224 199 1287 ’ίνα
218 1219 261 1305 μὴ
281 1221 437 1299 πολλάκις
455 1220 538 1288 άνευ
555 1223 636 1307 ἐμοῦ
654 1220 897 1306 συγγενόμενός
908 1246 954 1311 τω
967 1225 1149 1308 διαφθαρῇ.

144 1326 210 1387 νῦν
226 1312 289 1387 οὖν
305 1318 377 1406 ἡκω
396 1317 447 1388 ἐπ’
467 1317 551 1387 αὐτοὶ
568 1327 687 1404 ταῦτα,
708 1324 763 1387 ’ίνα
778 1345 824 1411 τω
835 1318 963 1388 τούτων
973 1328 1041 1388 τῶν
1053 1341 1150 1406 σοφι-

145 1425 233 1486 στῶν
245 1417 438 1486 δοκούντων
449 1418 534 1487 εἶναι
546 1417 699 1506 συστήσω
711 1426 854 1487 τουτονί.
879 1416 922 1486 σύ
939 1411 1003 1487 οὖν
1013 1416 1094 1506 ἡμῖν
1106 1425 1150 1496 είς

137 1515 250 1584 καλὸν
263 1519 467 1604 παρεφάνὴς,
480 1509 509 1585 ῶ
519 1513 562 1585 άυ
573 1515 636 1602 ἐμῶ
648 1515 779 1602 μάλιστ’
800 1517 986 1606 ἐβουλόμην
995 1518 1071 1604 περὶ
1082 1520 1162 1585 τῶν

143 1615 304 1693 τοιούτων
323 1619 452 1702 μέλλων
469 1617 607 1704 πράξειν
627 1616 953 1703 συμβουλεύσασθαι.
975 1613 1049 1685 ἀλλ’
1071 1625 1104 1684 εί
1120 1642 1150 1684 τι

106 1732 125 1781 Β
144 1720 226 1801 ἔχεις
237 1715 480 1804 συμβουλεύειν
491 1718 523 1795 ἐξ
536 1707 585 1782 ῶν
595 1717 678 1801 ἐμοῦ
688 1713 843 1809 άκὴκοας,
854 1718 959 1797 ἔξεστί
966 1741 1000 1784 τε
1011 1715 1067 1783 καὶ
1078 1716 1149 1801 χρὴ.

226 1822 259 1882 11.
305 1819 381 1881 ΣΩ.
412 1811 507 1880 Ἀλλδι
521 1813 582 1900 μὲν
592 1807 873 1903 δὴ,ῶΛημύδοκε
880 1866 889 1899 ,
909 1815 963 1884 καὶ
973 1815 1105 1900 λέγεταί
1112 1839 1150 1899 με

142 1910 313 2000 συμβονλὴ
333 1909 425 1997 ίερὸν
442 1919 549 1998 χρῆμα
560 1910 654 1980 εἶναι.
671 1925 763 2000 είπερ
775 1907 840 1982 οὖν
851 1917 905 1982 καὶ
917 1912 1000 2000 άλλη
1010 1910 1148 2000 ἡτισοῦν

143 2015 231 2079 ἐστὶν
243 2011 333 2098 ἱερά,
347 2016 402 2080 καὶ
413 2009 498 2096 αὕτη
509 2006 552 2079 άν
564 2021 631 2098 εἴη,
644 2015 718 2099 περὶ
729 2004 769 2100 ἡς
780 2011 823 2080 σύ
834 2019 901 2080 νῦν
911 2010 1147 2098 συμβουλεύει·

143 2109 184 2178 ού
206 2110 270 2197 γάρ
290 2116 358 2178 ἔστι
372 2111 446 2196 περὶ
464 2108 545 2177 ὅτου
557 2116 731 2195 θειοτέρου
748 2107 792 2178 άν
809 2110 990 2196 ἅνθρωπος
1006 2109 1149 2198 βουλεύ-

143 2231 251 2291 σαιτο,
263 2204 286 2294 ἡ
298 2209 372 2289 περὶ
384 2211 533 2288 παιδείας
547 2212 602 2278 καὶ
613 2209 718 2278 αὑτοῦ
735 2211 789 2278 καὶ
805 2217 874 2277 τῶν
891 2207 996 2277 αὑτοῦ
1007 2215 1147 2277 οἰκείων.

143 2314 276 2392 πρῶτον
287 2306 348 2391 μὲν
358 2299 422 2374 ούν
434 2308 497 2393 ὲγῶ
508 2336 542 2376 τε
556 2313 611 2378 καλ
622 2308 665 2377 οὐ
677 2307 1016 2397 συνομολογὴσωμεν,
1028 2315 1062 2377 τί
1069 2332 1147 2377 ποτε

142 2407 282 2492 οἰόμεθα
292 2403 382 2473 τοῦτ’
397 2405 497 2494 εἶναι,
517 2410 590 2492 περὶ
609 2401 652 2476 ού
663 2410 913 2496 βουλευόμεθα·
934 2407 979 2495 μὴ
991 2406 1055 2496 γάρ
1066 2416 1148 2476 πολ-

105 2506 237 2584 ὒλάκις
256 2504 320 2590 ε’γῶ
342 2506 403 2592 μὲν
420 2505 500 2575 άλλο
518 2535 549 2574 τι
566 2505 647 2576 αύτδ
668 2507 910 2595 ὑπολαμβάνω,
932 2505 975 2576 σύ
997 2507 1034 2576 δὲ
1055 2505 1146 2594 ἄλλο,

140 2602 276 2672 κάπειτα
289 2605 404 2691 πόρρω
413 2631 480 2674 που
490 2613 547 2692 τῆς
559 2614 739 2686 συνουσίας
748 2607 946 2694 αίσθῶμεθα
955 2615 1078 2694 γελοῖοι
1088 2606 1145 2677 ὅν-

139 2729 207 2789 τες,
230 2707 294 2791 ἐγῶ
311 2732 345 2774 τε
364 2704 382 2775 ὁ
402 2708 644 2793 συμβουλεύων
660 2709 715 2776 καὶ
732 2705 775 2774 σδ
790 2705 808 2775 ὁ
826 2709 1145 2795 συμβουλευόμενος,

139 2802 243 2888 μηδὲν
254 2811 320 2872 τῶν
332 2803 445 2871 αὐτῶν
457 2802 647 2890 ἡγούμενοι.

224 2911 299 2970 ΔΗ.
332 2901 427 2969 Ἀλλά
444 2929 501 2986 μοι
519 2909 626 2981 δοκεῖς
642 2902 755 2986 ὀρθῶς
772 2909 895 2990 λέγειν,
920 2898 1144 2994 ῶΣῶκροιτες,

139 3003 193 3066 καὶ
205 3015 311 3067 ποιεῖν
322 2999 382 3085 χρὴ
395 2997 509 3079 οὕτως.

223 3104 297 3166 Σίδ.
331 3099 397 3167 Καὶ
410 3103 495 3184 λέγω
512 3124 550 3186 με
567 3096 695 3187 ὀρθῶς,
719 3099 761 3170 ού
771 3104 884 3190 μέντοι
897 3106 1088 3175 παντάπασί
1095 3131 1144 3193 με,

197 3194 281 3283 κρδυ
297 3197 361 3283 γάρ
373 3223 405 3264 τι
416 3205 637 3285 μετατίθεμαι.
659 3203 766 3270 ἐννοῶ
775 3204 857 3291 γάρ,
879 3202 923 3291 μὴ
935 3207 989 3274 καὶ
1000 3202 1018 3273 ὁ
1029 3231 1145 3291 μειρα-

193 3323 250 3376 κος
262 3289 360 3376 οὗτος
372 3293 414 3365 οὐ
425 3297 548 3368 τούτου
558 3302 716 3391 ἐπιθυμὴ,
730 3295 774 3369 ού
782 3299 874 3389 ἡμεῖς
885 3300 989 3372 αύτὸυ
1002 3304 1144 3391 οἰόμεθα

176 3399 323 3482 νθνμείν,
334 3392 411 3464 ἀλλ’
422 3399 547 3489 ἑτέρον,
560 3398 613 3469 εἰτ’
626 3393 671 3468 αὖ
680 3398 771 3487 ἡμεῖς
782 3409 829 3470 ἔτι
839 3400 1042 3488 άτοπῶτεροι
1054 3397 1145 3491 ῶμεν
