<?xml version="1.0" encoding="UTF-8"?>
<!DOCTYPE html PUBLIC "-//W3C//DTD XHTML 1.0 Transitional//EN"
    "http://www.w3.org/TR/xhtml1/DTD/xhtml1-transitional.dtd">
<html xmlns="http://www.w3.org/1999/xhtml" xml:lang="en" lang="en">
 <head>
  <title>
</title>
<meta http-equiv="Content-Type" content="text/html;charset=utf-8" />
  <meta name='ocr-system' content='tesseract 3.04.00' />
  <meta name='ocr-capabilities' content='ocr_page ocr_carea ocr_par ocr_line ocrx_word'/>
</head>
<body>
  <div class='ocr_page' id='page_1' title='image "./dialogisecundum03platgoog_0208.png"; bbox 0 0 2408 3780; ppageno 0'>
   <div class='ocr_carea' id='block_1_1' title="bbox 64 142 1071 209">
    <p class='ocr_par' dir='ltr' id='par_1_1' title="bbox 64 142 1071 209">
     <span class='ocr_line' id='line_1_1' title="bbox 64 142 1071 209; baseline 0.005 -6"><span class='ocrx_word' id='word_1_1' title='bbox 64 148 99 203; x_wconf 79' lang='lat'><strong><em>19</em></strong></span> <span class='ocrx_word' id='word_1_2' title='bbox 417 142 734 203; x_wconf 75' lang='grc' dir='ltr'><em>ΣΤΜΠΟΣΙΟΝ.</em></span> <span class='ocrx_word' id='word_1_3' title='bbox 1012 145 1071 209; x_wconf 80' lang='grc'><strong><em>157</em></strong></span> 
     </span>
    </p>
   </div>
   <div class='ocr_carea' id='block_1_2' title="bbox 21 298 1150 3426">
    <p class='ocr_par' dir='ltr' id='par_1_2' title="bbox 21 298 1150 3426">
     <span class='ocr_line' id='line_1_2' title="bbox 62 298 1073 392; baseline 0.008 -25"><span class='ocrx_word' id='word_1_4' title='bbox 62 324 134 367; x_wconf 91' lang='grc' dir='ltr'><strong><em>των</em></strong></span> <span class='ocrx_word' id='word_1_5' title='bbox 151 302 288 389; x_wconf 79' lang='grc' dir='ltr'><strong><em>γέγονεν</em></strong></span> <span class='ocrx_word' id='word_1_6' title='bbox 307 298 370 367; x_wconf 87' lang='grc' dir='ltr'><strong><em>ῦπὸ</em></strong></span> <span class='ocrx_word' id='word_1_7' title='bbox 388 307 446 386; x_wconf 83' lang='grc' dir='ltr'><strong><em>τῆς</em></strong></span> <span class='ocrx_word' id='word_1_8' title='bbox 462 308 623 387; x_wconf 82' lang='grc' dir='ltr'><strong><em>μουσικῆς</em></strong></span> <span class='ocrx_word' id='word_1_9' title='bbox 635 304 755 390; x_wconf 81' lang='grc' dir='ltr'><strong><em>τέχνης.</em></strong></span> <span class='ocrx_word' id='word_1_10' title='bbox 781 303 894 390; x_wconf 85' lang='grc' dir='ltr'><strong><em>οῦγὰρ</em></strong></span> <span class='ocrx_word' id='word_1_11' title='bbox 909 307 950 392; x_wconf 82' lang='grc' dir='ltr'><strong><em>δή</em></strong></span> <span class='ocrx_word' id='word_1_12' title='bbox 961 331 1026 373; x_wconf 92' lang='grc' dir='ltr'><strong><em>που</em></strong></span> <span class='ocrx_word' id='word_1_13' title='bbox 1037 311 1073 375; x_wconf 84' lang='grc' dir='ltr'><strong><em>ἐκ</em></strong></span> 
     </span>
     <span class='ocr_line' id='line_1_3' title="bbox 63 397 1073 490; baseline 0.006 -24"><span class='ocrx_word' id='word_1_14' title='bbox 63 400 319 485; x_wconf 77' lang='grc' dir='ltr'><strong><em>διαφερομένων</em></strong></span> <span class='ocrx_word' id='word_1_15' title='bbox 335 423 373 485; x_wconf 86' lang='grc' dir='ltr'><strong><em>γε</em></strong></span> <span class='ocrx_word' id='word_1_16' title='bbox 390 402 437 466; x_wconf 80' lang='grc' dir='ltr'><strong><em>ἔτι</em></strong></span> <span class='ocrx_word' id='word_1_17' title='bbox 454 406 515 466; x_wconf 88' lang='grc' dir='ltr'><strong><em>τοῦ</em></strong></span> <span class='ocrx_word' id='word_1_18' title='bbox 536 397 625 478; x_wconf 85' lang='grc' dir='ltr'><strong><em>ὀξέος</em></strong></span> <span class='ocrx_word' id='word_1_19' title='bbox 646 402 700 469; x_wconf 78' lang='grc' dir='ltr'><strong><em>καί</em></strong></span> <span class='ocrx_word' id='word_1_20' title='bbox 722 405 842 488; x_wconf 82' lang='grc' dir='ltr'><strong><em>βαρέος</em></strong></span> <span class='ocrx_word' id='word_1_21' title='bbox 864 401 1006 490; x_wconf 78' lang='grc' dir='ltr'><strong><em>ἁρμονία</em></strong></span> <span class='ocrx_word' id='word_1_22' title='bbox 1030 400 1073 472; x_wconf 84' lang='grc' dir='ltr'><strong><em>ἁυ</em></strong></span> 
     </span>
     <span class='ocr_line' id='line_1_4' title="bbox 64 492 1073 587; baseline 0.004 -23"><span class='ocrx_word' id='word_1_23' title='bbox 64 506 126 583; x_wconf 71' lang='grc' dir='ltr'><strong><em>εἴη.</em></strong></span> <span class='ocrx_word' id='word_1_24' title='bbox 138 492 158 583; x_wconf 79' lang='grc' dir='ltr'><em>ἡ</em></span> <span class='ocrx_word' id='word_1_25' title='bbox 169 495 234 582; x_wconf 84' lang='grc' dir='ltr'><strong><em>γὰρ</em></strong></span> <span class='ocrx_word' id='word_1_26' title='bbox 252 494 394 582; x_wconf 79' lang='grc' dir='ltr'><strong><em>ἁρμονία</em></strong></span> <span class='ocrx_word' id='word_1_27' title='bbox 412 503 589 581; x_wconf 84' lang='grc' dir='ltr'><strong><em>συμφωνία</em></strong></span> <span class='ocrx_word' id='word_1_28' title='bbox 607 499 690 579; x_wconf 90' lang='grc' dir='ltr'><strong><em>έστί,</em></strong></span> <span class='ocrx_word' id='word_1_29' title='bbox 711 508 888 584; x_wconf 84' lang='grc' dir='ltr'><strong><em>συμφωνία</em></strong></span> <span class='ocrx_word' id='word_1_30' title='bbox 903 501 937 568; x_wconf 78' lang='grc' dir='ltr'><strong><em>δὲ</em></strong></span> <span class='ocrx_word' id='word_1_31' title='bbox 952 498 1073 587; x_wconf 86' lang='grc' dir='ltr'><strong><em>ὁμολο-</em></strong></span> 
     </span>
     <span class='ocr_line' id='line_1_5' title="bbox 64 590 1074 683; baseline 0.006 -23"><span class='ocrx_word' id='word_1_32' title='bbox 64 599 121 679; x_wconf 88' lang='grc' dir='ltr'><strong><em>γία</em></strong></span> <span class='ocrx_word' id='word_1_33' title='bbox 136 618 199 672; x_wconf 87' lang='grc' dir='ltr'><strong><em>τις·</em></strong></span> <span class='ocrx_word' id='word_1_34' title='bbox 222 590 401 679; x_wconf 79' lang='grc' dir='ltr'><strong><em>ὁμολογίαν</em></strong></span> <span class='ocrx_word' id='word_1_35' title='bbox 419 592 454 661; x_wconf 73' lang='grc' dir='ltr'><strong><em>δὲ</em></strong></span> <span class='ocrx_word' id='word_1_36' title='bbox 471 596 506 660; x_wconf 83' lang='grc' dir='ltr'><strong><em>ἐκ</em></strong></span> <span class='ocrx_word' id='word_1_37' title='bbox 525 596 790 679; x_wconf 88' lang='grc' dir='ltr'><strong><em>διαφερομένων,</em></strong></span> <span class='ocrx_word' id='word_1_38' title='bbox 815 598 875 676; x_wconf 80' lang='grc' dir='ltr'><strong><em>ἕως</em></strong></span> <span class='ocrx_word' id='word_1_39' title='bbox 892 592 935 665; x_wconf 86' lang='grc' dir='ltr'><strong><em>ἁν</em></strong></span> <span class='ocrx_word' id='word_1_40' title='bbox 957 602 1074 683; x_wconf 83' lang='grc' dir='ltr'><strong><em>διαφέ-</em></strong></span> 
     </span>
     <span class='ocr_line' id='line_1_6' title="bbox 65 686 1073 781; baseline 0.004 -22"><span class='ocrx_word' id='word_1_41' title='bbox 65 716 201 777; x_wconf 87' lang='grc' dir='ltr'><strong><em>ρωνται,</em></strong></span> <span class='ocrx_word' id='word_1_42' title='bbox 214 686 382 759; x_wconf 79' lang='grc' dir='ltr'><strong><em>ἀδύνατον</em></strong></span> <span class='ocrx_word' id='word_1_43' title='bbox 392 689 490 758; x_wconf 81' lang='grc' dir='ltr'><strong><em>εἶναι·</em></strong></span> <span class='ocrx_word' id='word_1_44' title='bbox 512 690 754 778; x_wconf 85' lang='grc' dir='ltr'><strong><em>διαφερόμενον</em></strong></span> <span class='ocrx_word' id='word_1_45' title='bbox 768 693 802 761; x_wconf 74' lang='grc' dir='ltr'><strong><em>δὲ</em></strong></span> <span class='ocrx_word' id='word_1_46' title='bbox 815 686 859 761; x_wconf 82' lang='grc' dir='ltr'><strong><em>αὖ</em></strong></span> <span class='ocrx_word' id='word_1_47' title='bbox 870 697 923 763; x_wconf 80' lang='grc' dir='ltr'><strong><em>καὶ</em></strong></span> <span class='ocrx_word' id='word_1_48' title='bbox 935 694 978 781; x_wconf 75' lang='grc' dir='ltr'><strong><em>μὴ</em></strong></span> <span class='ocrx_word' id='word_1_49' title='bbox 991 694 1073 781; x_wconf 88' lang='grc' dir='ltr'><strong><em>ὁμο-</em></strong></span> 
     </span>
     <span class='ocr_line' id='line_1_7' title="bbox 21 785 1073 878; baseline 0.001 -20"><span class='ocrx_word' id='word_1_50' title='bbox 21 793 24 797; x_wconf 74' lang='grc'><strong>’</strong></span> <span class='ocrx_word' id='word_1_51' title='bbox 63 796 191 874; x_wconf 85' lang='grc' dir='ltr'><strong><em>λογοῦν</em></strong></span> <span class='ocrx_word' id='word_1_52' title='bbox 203 786 370 857; x_wconf 84' lang='grc' dir='ltr'><strong><em>ἁδῦνατον</em></strong></span> <span class='ocrx_word' id='word_1_53' title='bbox 381 785 540 875; x_wconf 80' lang='grc' dir='ltr'><strong><em>ἁρμόσαι,</em></strong></span> <span class='ocrx_word' id='word_1_54' title='bbox 561 788 670 871; x_wconf 78' lang='grc' dir='ltr'><strong><em>ὥσπερ</em></strong></span> <span class='ocrx_word' id='word_1_55' title='bbox 681 816 719 875; x_wconf 83' lang='grc' dir='ltr'><strong><em>γε</em></strong></span> <span class='ocrx_word' id='word_1_56' title='bbox 730 793 785 857; x_wconf 84' lang='grc' dir='ltr'><strong><em>καὶ</em></strong></span> <span class='ocrx_word' id='word_1_57' title='bbox 796 786 813 858; x_wconf 92' lang='grc' dir='ltr'><strong><em>ὁ</em></strong></span> <span class='ocrx_word' id='word_1_58' title='bbox 825 793 956 878; x_wconf 80' lang='grc' dir='ltr'><strong><em>ῥυθμὸς</em></strong></span> <span class='ocrx_word' id='word_1_59' title='bbox 967 796 1000 859; x_wconf 76' lang='grc' dir='ltr'><strong><em>ἐκ</em></strong></span> <span class='ocrx_word' id='word_1_60' title='bbox 1013 800 1073 859; x_wconf 85' lang='grc' dir='ltr'><strong><em>τοῦ</em></strong></span> 
     </span>
     <span class='ocr_line' id='line_1_8' title="bbox 64 885 1111 975; baseline 0.004 -21"><span class='ocrx_word' id='word_1_61' title='bbox 64 888 178 973; x_wconf 82' lang='grc' dir='ltr'><strong><em>ταχέος</em></strong></span> <span class='ocrx_word' id='word_1_62' title='bbox 188 888 243 954; x_wconf 86' lang='grc' dir='ltr'><strong><em>καὶ</em></strong></span> <span class='ocrx_word' id='word_1_63' title='bbox 253 890 392 973; x_wconf 80' lang='grc' dir='ltr'><strong><em>βραδέος</em></strong></span> <span class='ocrx_word' id='word_1_64' title='bbox 409 889 670 973; x_wconf 84' lang='grc' dir='ltr'><strong><em>διενηνεγμένων</em></strong></span> <span class='ocrx_word' id='word_1_65' title='bbox 683 885 862 975; x_wconf 86' lang='grc' dir='ltr'><strong><em>πρότερον,</em></strong></span> <span class='ocrx_word' id='word_1_66' title='bbox 886 888 1074 972; x_wconf 80' lang='grc' dir='ltr'><strong><em>ὕστερονδὲ</em></strong></span> <span class='ocrx_word' id='word_1_67' title='bbox 1093 899 1111 950; x_wconf 80' lang='lat' dir='ltr'><strong>G</strong></span> 
     </span>
     <span class='ocr_line' id='line_1_9' title="bbox 64 982 1073 1073; baseline 0.001 -21"><span class='ocrx_word' id='word_1_68' title='bbox 64 982 347 1071; x_wconf 73' lang='grc' dir='ltr'><strong><em>ὁμολογησάντων</em></strong></span> <span class='ocrx_word' id='word_1_69' title='bbox 363 987 487 1071; x_wconf 86' lang='grc' dir='ltr'><strong><em>γέγονε.</em></strong></span> <span class='ocrx_word' id='word_1_70' title='bbox 511 982 573 1070; x_wconf 80' lang='grc' dir='ltr'><strong><em>τὴν</em></strong></span> <span class='ocrx_word' id='word_1_71' title='bbox 591 984 627 1052; x_wconf 71' lang='grc' dir='ltr'><strong><em>δὲ</em></strong></span> <span class='ocrx_word' id='word_1_72' title='bbox 645 982 825 1071; x_wconf 75' lang='grc' dir='ltr'><strong><em>ὁμολογίαν</em></strong></span> <span class='ocrx_word' id='word_1_73' title='bbox 842 994 922 1055; x_wconf 82' lang='grc' dir='ltr'><strong><em>πᾶσι</em></strong></span> <span class='ocrx_word' id='word_1_74' title='bbox 933 988 1073 1073; x_wconf 78' lang='grc' dir='ltr'><strong><em>τούτοις,</em></strong></span> 
     </span>
     <span class='ocr_line' id='line_1_10' title="bbox 65 1080 1072 1172; baseline 0.001 -21"><span class='ocrx_word' id='word_1_75' title='bbox 65 1082 178 1166; x_wconf 72' lang='grc' dir='ltr'><strong><em>ὥσπερ</em></strong></span> <span class='ocrx_word' id='word_1_76' title='bbox 201 1085 271 1151; x_wconf 84' lang='grc' dir='ltr'><strong><em>ἐκεῖ</em></strong></span> <span class='ocrx_word' id='word_1_77' title='bbox 293 1080 314 1168; x_wconf 80' lang='grc' dir='ltr'><em>ἡ</em></span> <span class='ocrx_word' id='word_1_78' title='bbox 343 1081 472 1168; x_wconf 84' lang='grc' dir='ltr'><strong><em>ἰατρική</em></strong></span> <span class='ocrx_word' id='word_1_79' title='bbox 480 1133 489 1169; x_wconf 94' lang='grc'><strong><em>,</em></strong></span> <span class='ocrx_word' id='word_1_80' title='bbox 519 1086 664 1151; x_wconf 80' lang='grc' dir='ltr'><strong><em>ἐνταῦθα</em></strong></span> <span class='ocrx_word' id='word_1_81' title='bbox 686 1080 706 1169; x_wconf 79' lang='grc' dir='ltr'><em>ἡ</em></span> <span class='ocrx_word' id='word_1_82' title='bbox 727 1083 868 1171; x_wconf 79' lang='grc' dir='ltr'><strong><em>μουσικὴ</em></strong></span> <span class='ocrx_word' id='word_1_83' title='bbox 892 1089 1072 1172; x_wconf 75' lang='grc' dir='ltr'><strong><em>ἐντίθησιν,</em></strong></span> 
     </span>
     <span class='ocr_line' id='line_1_11' title="bbox 64 1175 1074 1267; baseline 0.003 -20"><span class='ocrx_word' id='word_1_84' title='bbox 64 1185 172 1265; x_wconf 78' lang='grc' dir='ltr'><strong><em>ἔρωτα</em></strong></span> <span class='ocrx_word' id='word_1_85' title='bbox 191 1182 246 1249; x_wconf 80' lang='grc' dir='ltr'><strong><em>καὶ</em></strong></span> <span class='ocrx_word' id='word_1_86' title='bbox 264 1177 423 1266; x_wconf 88' lang='grc' dir='ltr'><strong><em>ὁμόνοιαν</em></strong></span> <span class='ocrx_word' id='word_1_87' title='bbox 440 1178 593 1266; x_wconf 86' lang='grc' dir='ltr'><strong><em>ἁλλήλων</em></strong></span> <span class='ocrx_word' id='word_1_88' title='bbox 611 1183 830 1267; x_wconf 83' lang='grc' dir='ltr'><strong><em>ἐμποιήσασα·</em></strong></span> <span class='ocrx_word' id='word_1_89' title='bbox 854 1185 906 1252; x_wconf 80' lang='grc' dir='ltr'><strong><em>καί</em></strong></span> <span class='ocrx_word' id='word_1_90' title='bbox 925 1189 1013 1251; x_wconf 79' lang='grc' dir='ltr'><strong><em>ἔστιν</em></strong></span> <span class='ocrx_word' id='word_1_91' title='bbox 1030 1175 1074 1250; x_wconf 87' lang='grc' dir='ltr'><strong><em>αῦ</em></strong></span> 
     </span>
     <span class='ocr_line' id='line_1_12' title="bbox 64 1276 1072 1368; baseline -0.002 -20"><span class='ocrx_word' id='word_1_92' title='bbox 64 1276 209 1366; x_wconf 79' lang='grc' dir='ltr'><strong><em>μουσικὴ</em></strong></span> <span class='ocrx_word' id='word_1_93' title='bbox 227 1281 300 1362; x_wconf 83' lang='grc' dir='ltr'><strong><em>περὶ</em></strong></span> <span class='ocrx_word' id='word_1_94' title='bbox 316 1276 480 1364; x_wconf 89' lang='grc' dir='ltr'><strong><em>ἁρμονίαν</em></strong></span> <span class='ocrx_word' id='word_1_95' title='bbox 497 1280 550 1346; x_wconf 84' lang='grc' dir='ltr'><strong><em>καὶ</em></strong></span> <span class='ocrx_word' id='word_1_96' title='bbox 568 1277 703 1366; x_wconf 80' lang='grc' dir='ltr'><strong><em>ῥυθμὸν</em></strong></span> <span class='ocrx_word' id='word_1_97' title='bbox 720 1284 887 1364; x_wconf 78' lang='grc' dir='ltr'><strong><em>ἐρωτικῶν</em></strong></span> <span class='ocrx_word' id='word_1_98' title='bbox 905 1282 1072 1368; x_wconf 78' lang='grc' dir='ltr'><strong><em>ἐπιστήμη.</em></strong></span> 
     </span>
     <span class='ocr_line' id='line_1_13' title="bbox 65 1373 1074 1465; baseline 0 -20"><span class='ocrx_word' id='word_1_99' title='bbox 65 1380 122 1447; x_wconf 84' lang='grc' dir='ltr'><strong><em>καὶ</em></strong></span> <span class='ocrx_word' id='word_1_100' title='bbox 140 1380 177 1446; x_wconf 78' lang='grc' dir='ltr'><strong><em>ἐν</em></strong></span> <span class='ocrx_word' id='word_1_101' title='bbox 194 1378 256 1465; x_wconf 89' lang='grc' dir='ltr'><strong><em>μέν</em></strong></span> <span class='ocrx_word' id='word_1_102' title='bbox 272 1403 308 1462; x_wconf 92' lang='grc' dir='ltr'><strong><em>γε</em></strong></span> <span class='ocrx_word' id='word_1_103' title='bbox 329 1374 412 1464; x_wconf 77' lang='grc' dir='ltr'><strong><em>αὐτῇ</em></strong></span> <span class='ocrx_word' id='word_1_104' title='bbox 431 1384 471 1463; x_wconf 82' lang='grc' dir='ltr'><strong><em>τῇ</em></strong></span> <span class='ocrx_word' id='word_1_105' title='bbox 489 1377 644 1444; x_wconf 79' lang='grc' dir='ltr'><strong><em>συστάσει</em></strong></span> <span class='ocrx_word' id='word_1_106' title='bbox 657 1373 815 1462; x_wconf 83' lang='grc' dir='ltr'><strong><em>ἁρμονίας</em></strong></span> <span class='ocrx_word' id='word_1_107' title='bbox 827 1404 860 1444; x_wconf 83' lang='grc' dir='ltr'><strong><em>τε</em></strong></span> <span class='ocrx_word' id='word_1_108' title='bbox 874 1381 926 1445; x_wconf 78' lang='grc' dir='ltr'><strong><em>καὶ</em></strong></span> <span class='ocrx_word' id='word_1_109' title='bbox 940 1381 1074 1465; x_wconf 83' lang='grc' dir='ltr'><strong><em>ῥυθμοῦ</em></strong></span> 
     </span>
     <span class='ocr_line' id='line_1_14' title="bbox 65 1471 1074 1562; baseline -0.004 -18"><span class='ocrx_word' id='word_1_110' title='bbox 65 1473 167 1544; x_wconf 67' lang='grc' dir='ltr'><strong><em>οῦδὲν</em></strong></span> <span class='ocrx_word' id='word_1_111' title='bbox 177 1471 323 1562; x_wconf 83' lang='grc' dir='ltr'><strong><em>χαλεπὸν</em></strong></span> <span class='ocrx_word' id='word_1_112' title='bbox 332 1471 372 1541; x_wconf 90' lang='grc' dir='ltr'><strong><em>τὰ</em></strong></span> <span class='ocrx_word' id='word_1_113' title='bbox 388 1472 526 1559; x_wconf 86' lang='grc' dir='ltr'><strong><em>έρωτικὰ</em></strong></span> <span class='ocrx_word' id='word_1_114' title='bbox 538 1473 805 1559; x_wconf 71' lang='grc' dir='ltr'><strong><em>διαγιγνώσκειν,</em></strong></span> <span class='ocrx_word' id='word_1_115' title='bbox 820 1472 896 1542; x_wconf 79' lang='grc' dir='ltr'><strong><em>οῦδὲ</em></strong></span> <span class='ocrx_word' id='word_1_116' title='bbox 908 1472 925 1541; x_wconf 88' lang='grc' dir='ltr'><strong><em>ὁ</em></strong></span> <span class='ocrx_word' id='word_1_117' title='bbox 939 1480 1074 1553; x_wconf 77' lang='grc' dir='ltr'><strong><em>διπλοῦς</em></strong></span> 
     </span>
     <span class='ocr_line' id='line_1_15' title="bbox 67 1568 1073 1661; baseline -0.004 -18"><span class='ocrx_word' id='word_1_118' title='bbox 67 1581 150 1661; x_wconf 78' lang='grc' dir='ltr'><strong><em>ἔρως</em></strong></span> <span class='ocrx_word' id='word_1_119' title='bbox 160 1571 309 1642; x_wconf 77' lang='grc' dir='ltr'><strong><em>ἐνταῦθά</em></strong></span> <span class='ocrx_word' id='word_1_120' title='bbox 321 1597 389 1652; x_wconf 89' lang='grc' dir='ltr'><strong><em>πως</em></strong></span> <span class='ocrx_word' id='word_1_121' title='bbox 400 1576 503 1638; x_wconf 84' lang='grc' dir='ltr'><strong><em>ἔστιν·</em></strong></span> <span class='ocrx_word' id='word_1_122' title='bbox 526 1568 600 1639; x_wconf 83' lang='grc' dir='ltr'><strong><em>ἁλλ’</em></strong></span> <span class='ocrx_word' id='word_1_123' title='bbox 619 1570 752 1639; x_wconf 78' lang='grc' dir='ltr'><strong><em>ἐπειδᾶν</em></strong></span> <span class='ocrx_word' id='word_1_124' title='bbox 765 1576 821 1660; x_wconf 83' lang='grc' dir='ltr'><strong><em>δέη</em></strong></span> <span class='ocrx_word' id='word_1_125' title='bbox 832 1573 914 1656; x_wconf 80' lang='grc' dir='ltr'><strong><em>πρὸς</em></strong></span> <span class='ocrx_word' id='word_1_126' title='bbox 926 1574 1003 1652; x_wconf 84' lang='grc' dir='ltr'><strong><em>τοὺς</em></strong></span> <span class='ocrx_word' id='word_1_127' title='bbox 1015 1572 1073 1640; x_wconf 79' lang='grc' dir='ltr'><strong><em>ἁν-</em></strong></span> 
     </span>
     <span class='ocr_line' id='line_1_16' title="bbox 67 1665 1113 1762; baseline -0.001 -21"><span class='ocrx_word' id='word_1_128' title='bbox 67 1671 229 1762; x_wconf 79' lang='grc' dir='ltr'><strong><em>θριὸπους</em></strong></span> <span class='ocrx_word' id='word_1_129' title='bbox 238 1677 463 1756; x_wconf 83' lang='grc' dir='ltr'><strong><em>καταχρῆσθαι</em></strong></span> <span class='ocrx_word' id='word_1_130' title='bbox 474 1672 594 1758; x_wconf 78' lang='grc' dir='ltr'><strong><em>ῥυθμῷ</em></strong></span> <span class='ocrx_word' id='word_1_131' title='bbox 606 1695 640 1736; x_wconf 83' lang='grc' dir='ltr'><strong><em>τε</em></strong></span> <span class='ocrx_word' id='word_1_132' title='bbox 653 1673 706 1737; x_wconf 81' lang='grc' dir='ltr'><strong><em>καὶ</em></strong></span> <span class='ocrx_word' id='word_1_133' title='bbox 718 1666 860 1760; x_wconf 78' lang='grc' dir='ltr'><strong><em>ἁρμονίᾳ</em></strong></span> <span class='ocrx_word' id='word_1_134' title='bbox 870 1665 893 1757; x_wconf 76' lang='grc' dir='ltr'><em>ἢ</em></span> <span class='ocrx_word' id='word_1_135' title='bbox 904 1680 1073 1753; x_wconf 83' lang='grc' dir='ltr'><strong><em>ποιοῦντα,</em></strong></span> <span class='ocrx_word' id='word_1_136' title='bbox 1093 1693 1113 1740; x_wconf 83' lang='grc' dir='ltr'><strong><em>υ</em></strong></span> 
     </span>
     <span class='ocr_line' id='line_1_17' title="bbox 66 1763 1076 1856; baseline -0.004 -17"><span class='ocrx_word' id='word_1_137' title='bbox 66 1769 142 1856; x_wconf 69' lang='grc' dir='ltr'><strong><em>ὁδί]</em></strong></span> <span class='ocrx_word' id='word_1_138' title='bbox 160 1774 354 1856; x_wconf 77' lang='grc' dir='ltr'><strong><em>μελοποιίαν</em></strong></span> <span class='ocrx_word' id='word_1_139' title='bbox 370 1774 546 1851; x_wconf 87' lang='grc' dir='ltr'><strong><em>καλοῦσιν,</em></strong></span> <span class='ocrx_word' id='word_1_140' title='bbox 570 1763 592 1853; x_wconf 79' lang='grc' dir='ltr'><em>ἢ</em></span> <span class='ocrx_word' id='word_1_141' title='bbox 610 1767 780 1855; x_wconf 75' lang='grc' dir='ltr'><strong><em>χρώμενον</em></strong></span> <span class='ocrx_word' id='word_1_142' title='bbox 800 1766 912 1853; x_wconf 79' lang='grc' dir='ltr'><strong><em>ὀρθῶς</em></strong></span> <span class='ocrx_word' id='word_1_143' title='bbox 932 1783 999 1847; x_wconf 86' lang='grc' dir='ltr'><strong><em>τοῖς</em></strong></span> <span class='ocrx_word' id='word_1_144' title='bbox 1017 1793 1076 1835; x_wconf 88' lang='grc' dir='ltr'><strong><em>πε-</em></strong></span> 
     </span>
     <span class='ocr_line' id='line_1_18' title="bbox 67 1866 1075 1985; baseline -0.004 -47"><span class='ocrx_word' id='word_1_145' title='bbox 67 1871 258 1956; x_wconf 82' lang='grc' dir='ltr'><strong><em>ποιημένοις</em></strong></span> <span class='ocrx_word' id='word_1_146' title='bbox 278 1870 391 1955; x_wconf 86' lang='grc' dir='ltr'><strong><em>μέλεσί</em></strong></span> <span class='ocrx_word' id='word_1_147' title='bbox 404 1894 438 1934; x_wconf 88' lang='grc' dir='ltr'><strong><em>τε</em></strong></span> <span class='ocrx_word' id='word_1_148' title='bbox 459 1870 513 1935; x_wconf 84' lang='grc' dir='ltr'><strong><em>καὶ</em></strong></span> <span class='ocrx_word' id='word_1_149' title='bbox 528 1869 674 1954; x_wconf 86' lang='grc' dir='ltr'><strong><em>μέτροις,</em></strong></span> <span class='ocrx_word' id='word_1_150' title='bbox 696 1866 716 1936; x_wconf 83' lang='grc' dir='ltr'><strong><em>ὁ</em></strong></span> <span class='ocrx_word' id='word_1_151' title='bbox 733 1866 774 1954; x_wconf 79' lang='grc' dir='ltr'><strong><em>δὴ</em></strong></span> <span class='ocrx_word' id='word_1_152' title='bbox 793 1872 920 1935; x_wconf 88' lang='grc' dir='ltr'><strong><em>παιδεία</em></strong></span> <span class='ocrx_word' id='word_1_153' title='bbox 937 1867 1075 1985; x_wconf 75' lang='grc' dir='ltr'><strong><em>ἐκλήθη,</em></strong></span> 
     </span>
     <span class='ocr_line' id='line_1_19' title="bbox 68 1964 1075 2052; baseline -0.006 -16"><span class='ocrx_word' id='word_1_154' title='bbox 68 1971 216 2036; x_wconf 82' lang='grc' dir='ltr'><strong><em>ἐνταῦθα</em></strong></span> <span class='ocrx_word' id='word_1_155' title='bbox 229 1964 268 2052; x_wconf 90' lang='grc' dir='ltr'><strong><em>δη</em></strong></span> <span class='ocrx_word' id='word_1_156' title='bbox 280 1968 335 2035; x_wconf 80' lang='grc' dir='ltr'><strong><em>καὶ</em></strong></span> <span class='ocrx_word' id='word_1_157' title='bbox 345 1964 490 2052; x_wconf 81' lang='grc' dir='ltr'><strong><em>χαλεπὸν</em></strong></span> <span class='ocrx_word' id='word_1_158' title='bbox 500 1992 554 2033; x_wconf 88' lang='grc' dir='ltr'><strong><em>και</em></strong></span> <span class='ocrx_word' id='word_1_159' title='bbox 543 1964 697 2050; x_wconf 75' lang='grc' dir='ltr'><strong><em>ἀγαθοῦ</em></strong></span> <span class='ocrx_word' id='word_1_160' title='bbox 716 1971 920 2052; x_wconf 75' lang='grc' dir='ltr'><strong><em>δημιουργοῦ</em></strong></span> <span class='ocrx_word' id='word_1_161' title='bbox 932 1970 989 2032; x_wconf 87' lang='grc' dir='ltr'><strong><em>δεῖ.</em></strong></span> <span class='ocrx_word' id='word_1_162' title='bbox 1012 1965 1075 2031; x_wconf 79' lang='grc' dir='ltr'><strong><em>ποί-</em></strong></span> 
     </span>
     <span class='ocr_line' id='line_1_20' title="bbox 71 2060 1076 2163; baseline -0.005 -28"><span class='ocrx_word' id='word_1_163' title='bbox 71 2075 122 2136; x_wconf 87' lang='grc' dir='ltr'><strong><em>λιν</em></strong></span> <span class='ocrx_word' id='word_1_164' title='bbox 132 2064 198 2154; x_wconf 81' lang='grc' dir='ltr'><strong><em>γὰρ</em></strong></span> <span class='ocrx_word' id='word_1_165' title='bbox 208 2063 280 2152; x_wconf 80' lang='grc' dir='ltr'><strong><em>ἥκει</em></strong></span> <span class='ocrx_word' id='word_1_166' title='bbox 292 2062 309 2132; x_wconf 90' lang='grc' dir='ltr'><strong><em>ὁ</em></strong></span> <span class='ocrx_word' id='word_1_167' title='bbox 321 2061 422 2143; x_wconf 85' lang='grc' dir='ltr'><strong><em>αντὸς</em></strong></span> <span class='ocrx_word' id='word_1_168' title='bbox 433 2060 585 2150; x_wconf 82' lang='grc' dir='ltr'><strong><em>λόγος,”</em></strong></span> <span class='ocrx_word' id='word_1_169' title='bbox 564 2088 616 2130; x_wconf 90' lang='grc' dir='ltr'><strong><em>οτι</em></strong></span> <span class='ocrx_word' id='word_1_170' title='bbox 627 2078 695 2143; x_wconf 89' lang='grc' dir='ltr'><strong><em>τοῖς</em></strong></span> <span class='ocrx_word' id='word_1_171' title='bbox 706 2063 767 2149; x_wconf 73' lang='grc' dir='ltr'><strong><em>μὲν</em></strong></span> <span class='ocrx_word' id='word_1_172' title='bbox 778 2070 925 2149; x_wconf 86' lang='grc' dir='ltr'><strong><em>κοσμίοις</em></strong></span> <span class='ocrx_word' id='word_1_173' title='bbox 936 2090 1003 2163; x_wconf 85' lang='grc' dir='ltr'><strong><em>των</em></strong></span> <span class='ocrx_word' id='word_1_174' title='bbox 1015 2061 1076 2130; x_wconf 89' lang='grc' dir='ltr'><strong><em>α’ν-</em></strong></span> 
     </span>
     <span class='ocr_line' id='line_1_21' title="bbox 68 2156 1075 2287; baseline -0.007 -53"><span class='ocrx_word' id='word_1_175' title='bbox 68 2165 229 2254; x_wconf 84' lang='grc' dir='ltr'><strong><em>θρωπων,</em></strong></span> <span class='ocrx_word' id='word_1_176' title='bbox 241 2165 296 2232; x_wconf 81' lang='grc' dir='ltr'><strong><em>καὶ</em></strong></span> <span class='ocrx_word' id='word_1_177' title='bbox 308 2189 351 2242; x_wconf 90' lang='grc' dir='ltr'><strong><em>ως</em></strong></span> <span class='ocrx_word' id='word_1_178' title='bbox 362 2157 406 2230; x_wconf 81' lang='grc' dir='ltr'><strong><em>ἁν</em></strong></span> <span class='ocrx_word' id='word_1_179' title='bbox 416 2163 632 2248; x_wconf 77' lang='grc' dir='ltr'><strong><em>κοσμιώτεροι</em></strong></span> <span class='ocrx_word' id='word_1_180' title='bbox 642 2169 812 2249; x_wconf 87' lang='grc' dir='ltr'><strong><em>γίγνοιντο</em></strong></span> <span class='ocrx_word' id='word_1_181' title='bbox 824 2166 857 2230; x_wconf 89' lang='grc' dir='ltr'><strong><em>οί</em></strong></span> <span class='ocrx_word' id='word_1_182' title='bbox 864 2162 962 2248; x_wconf 82' lang='grc' dir='ltr'><strong><em>μήπω</em></strong></span> <span class='ocrx_word' id='word_1_183' title='bbox 971 2156 1075 2287; x_wconf 77' lang='grc' dir='ltr'><strong><em>ὅγτις,</em></strong></span> 
     </span>
     <span class='ocr_line' id='line_1_22' title="bbox 69 2250 1077 2351; baseline -0.007 -18"><span class='ocrx_word' id='word_1_184' title='bbox 69 2268 119 2333; x_wconf 80' lang='grc' dir='ltr'><strong><em>δεῖ</em></strong></span> <span class='ocrx_word' id='word_1_185' title='bbox 128 2270 318 2351; x_wconf 64' lang='grc' dir='ltr'><strong><em>χαριῖεσθαι</em></strong></span> <span class='ocrx_word' id='word_1_186' title='bbox 330 2288 384 2329; x_wconf 86' lang='grc' dir='ltr'><strong><em>και</em></strong></span> <span class='ocrx_word' id='word_1_187' title='bbox 373 2259 618 2347; x_wconf 89' lang='grc' dir='ltr'><strong><em>φυλαττειν</em></strong></span> <span class='ocrx_word' id='word_1_188' title='bbox 584 2288 643 2327; x_wconf 93' lang='grc' dir='ltr'><strong><em>τον</em></strong></span> <span class='ocrx_word' id='word_1_189' title='bbox 654 2261 783 2327; x_wconf 85' lang='grc' dir='ltr'><strong><em>τούτων</em></strong></span> <span class='ocrx_word' id='word_1_190' title='bbox 801 2267 921 2343; x_wconf 78' lang='grc' dir='ltr'><strong><em>ἔρωτα,</em></strong></span> <span class='ocrx_word' id='word_1_191' title='bbox 944 2261 999 2326; x_wconf 80' lang='grc' dir='ltr'><strong><em>καὶ</em></strong></span> <span class='ocrx_word' id='word_1_192' title='bbox 1016 2250 1077 2326; x_wconf 87' lang='grc' dir='ltr'><strong><em>οῦ-</em></strong></span> 
     </span>
     <span class='ocr_line' id='line_1_23' title="bbox 69 2355 1077 2445; baseline -0.006 -17"><span class='ocrx_word' id='word_1_193' title='bbox 69 2362 125 2440; x_wconf 88' lang='grc' dir='ltr'><strong><em>τός</em></strong></span> <span class='ocrx_word' id='word_1_194' title='bbox 139 2356 263 2428; x_wconf 78' lang='grc' dir='ltr'><strong><em>ἐστιν</em></strong></span> <span class='ocrx_word' id='word_1_195' title='bbox 248 2386 266 2427; x_wconf 96' lang='grc' dir='ltr'><strong><em>ο</em></strong></span> <span class='ocrx_word' id='word_1_196' title='bbox 284 2359 441 2445; x_wconf 69' lang='grc' dir='ltr'><strong><em>καλ(ι’ς,’</em></strong></span> <span class='ocrx_word' id='word_1_197' title='bbox 425 2386 442 2426; x_wconf 95' lang='grc' dir='ltr'><strong><em>ο</em></strong></span> <span class='ocrx_word' id='word_1_198' title='bbox 462 2356 634 2442; x_wconf 77' lang='grc' dir='ltr'><strong><em>οὐράνιος,</em></strong></span> <span class='ocrx_word' id='word_1_199' title='bbox 657 2386 674 2425; x_wconf 92' lang='grc' dir='ltr'><strong><em>ο</em></strong></span> <span class='ocrx_word' id='word_1_200' title='bbox 691 2385 748 2443; x_wconf 89' lang='grc' dir='ltr'><strong><em>της</em></strong></span> <span class='ocrx_word' id='word_1_201' title='bbox 767 2356 934 2440; x_wconf 82' lang='grc' dir='ltr'><strong><em>Οὐρανίας</em></strong></span> <span class='ocrx_word' id='word_1_202' title='bbox 951 2355 1077 2443; x_wconf 82' lang='grc' dir='ltr'><strong><em>μούσης</em></strong></span> 
     </span>
     <span class='ocr_line' id='line_1_24' title="bbox 68 2451 1111 2546; baseline -0.005 -17.981"><span class='ocrx_word' id='word_1_203' title='bbox 68 2454 208 2546; x_wconf 69' lang='grc' dir='ltr'><strong><em>Ἐρως·’</em></strong></span> <span class='ocrx_word' id='word_1_204' title='bbox 194 2483 213 2526; x_wconf 95' lang='grc' dir='ltr'><strong><em>ο</em></strong></span> <span class='ocrx_word' id='word_1_205' title='bbox 225 2455 260 2526; x_wconf 86' lang='grc' dir='ltr'><strong><em>δε</em></strong></span> <span class='ocrx_word' id='word_1_206' title='bbox 271 2453 487 2543; x_wconf 69' lang='grc' dir='ltr'><strong><em>Πολυμνίας’</em></strong></span> <span class='ocrx_word' id='word_1_207' title='bbox 473 2483 491 2524; x_wconf 97' lang='grc' dir='ltr'><strong><em>ο</em></strong></span> <span class='ocrx_word' id='word_1_208' title='bbox 503 2452 728 2542; x_wconf 77' lang='grc' dir='ltr'><strong><em>πάνδημος,“</em></strong></span> <span class='ocrx_word' id='word_1_209' title='bbox 708 2482 748 2523; x_wconf 93' lang='grc' dir='ltr'><strong><em>ον</em></strong></span> <span class='ocrx_word' id='word_1_210' title='bbox 766 2459 817 2522; x_wconf 86' lang='grc' dir='ltr'><strong><em>δεῖ</em></strong></span> <span class='ocrx_word' id='word_1_211' title='bbox 826 2451 1074 2542; x_wconf 78' lang='grc' dir='ltr'><strong><em>εὐλαβούμενον</em></strong></span> <span class='ocrx_word' id='word_1_212' title='bbox 1091 2475 1111 2523; x_wconf 78' lang='grc' dir='ltr'>Ε</span> 
     </span>
     <span class='ocr_line' id='line_1_25' title="bbox 70 2548 1079 2642; baseline -0.009 -16"><span class='ocrx_word' id='word_1_213' title='bbox 70 2559 273 2642; x_wconf 77' lang='grc' dir='ltr'><strong><em>προσφέρειν</em></strong></span> <span class='ocrx_word' id='word_1_214' title='bbox 291 2551 339 2635; x_wconf 75' lang='grc' dir='ltr'><strong><em>οἷς</em></strong></span> <span class='ocrx_word' id='word_1_215' title='bbox 356 2549 399 2621; x_wconf 82' lang='grc' dir='ltr'><strong><em>ἁν</em></strong></span> <span class='ocrx_word' id='word_1_216' title='bbox 416 2556 605 2642; x_wconf 79' lang='grc' dir='ltr'><strong><em>προσφέρῃ,</em></strong></span> <span class='ocrx_word' id='word_1_217' title='bbox 628 2553 717 2632; x_wconf 83' lang='grc' dir='ltr'><strong><em>ὅπως</em></strong></span> <span class='ocrx_word' id='word_1_218' title='bbox 739 2548 782 2622; x_wconf 84' lang='grc' dir='ltr'><strong><em>ἁν</em></strong></span> <span class='ocrx_word' id='word_1_219' title='bbox 799 2552 859 2640; x_wconf 79' lang='grc' dir='ltr'><strong><em>την</em></strong></span> <span class='ocrx_word' id='word_1_220' title='bbox 877 2552 937 2640; x_wconf 77' lang='grc' dir='ltr'><strong><em>μὲν</em></strong></span> <span class='ocrx_word' id='word_1_221' title='bbox 953 2548 1079 2642; x_wconf 75' lang='grc' dir='ltr'><strong><em>ἡδονὴν</em></strong></span> 
     </span>
     <span class='ocr_line' id='line_1_26' title="bbox 70 2650 1078 2740; baseline -0.005 -17"><span class='ocrx_word' id='word_1_222' title='bbox 70 2654 175 2723; x_wconf 78' lang='grc' dir='ltr'><strong><em>αὐτοῦ</em></strong></span> <span class='ocrx_word' id='word_1_223' title='bbox 198 2652 428 2740; x_wconf 77' lang='grc' dir='ltr'><strong><em>καρπωσηται,</em></strong></span> <span class='ocrx_word' id='word_1_224' title='bbox 459 2650 642 2720; x_wconf 76' lang='grc' dir='ltr'><strong><em>ἀκολασίαν</em></strong></span> <span class='ocrx_word' id='word_1_225' title='bbox 663 2652 698 2720; x_wconf 68' lang='grc' dir='ltr'><strong><em>δὲ</em></strong></span> <span class='ocrx_word' id='word_1_226' title='bbox 724 2656 885 2739; x_wconf 87' lang='grc' dir='ltr'><strong><em>μηδεμίαν</em></strong></span> <span class='ocrx_word' id='word_1_227' title='bbox 906 2651 1078 2739; x_wconf 80' lang='grc' dir='ltr'><strong><em>ἐμποιήσῃ,</em></strong></span> 
     </span>
     <span class='ocr_line' id='line_1_27' title="bbox 70 2747 1080 2839; baseline -0.003 -18"><span class='ocrx_word' id='word_1_228' title='bbox 70 2750 182 2836; x_wconf 75' lang='grc' dir='ltr'><strong><em>ὥσπερ</em></strong></span> <span class='ocrx_word' id='word_1_229' title='bbox 193 2761 230 2819; x_wconf 84' lang='grc' dir='ltr'><strong><em>έν</em></strong></span> <span class='ocrx_word' id='word_1_230' title='bbox 240 2757 280 2838; x_wconf 78' lang='grc' dir='ltr'><strong><em>τη</em></strong></span> <span class='ocrx_word' id='word_1_231' title='bbox 293 2747 435 2839; x_wconf 78' lang='grc' dir='ltr'><strong><em>ἡμετέρα</em></strong></span> <span class='ocrx_word' id='word_1_232' title='bbox 446 2754 542 2837; x_wconf 83' lang='grc' dir='ltr'><strong><em>τέχνη</em></strong></span> <span class='ocrx_word' id='word_1_233' title='bbox 553 2754 635 2837; x_wconf 84' lang='grc' dir='ltr'><strong><em>μέγα</em></strong></span> <span class='ocrx_word' id='word_1_234' title='bbox 648 2757 748 2836; x_wconf 77' lang='grc' dir='ltr'><strong><em>ἔργον</em></strong></span> <span class='ocrx_word' id='word_1_235' title='bbox 759 2765 828 2830; x_wconf 88' lang='grc' dir='ltr'><strong><em>ταῖς</em></strong></span> <span class='ocrx_word' id='word_1_236' title='bbox 839 2754 913 2835; x_wconf 83' lang='grc' dir='ltr'><strong><em>περὶ</em></strong></span> <span class='ocrx_word' id='word_1_237' title='bbox 923 2749 986 2838; x_wconf 80' lang='grc' dir='ltr'><strong><em>τὴν</em></strong></span> <span class='ocrx_word' id='word_1_238' title='bbox 996 2749 1080 2830; x_wconf 82' lang='grc' dir='ltr'><strong><em>ὀψο-</em></strong></span> 
     </span>
     <span class='ocr_line' id='line_1_28' title="bbox 70 2845 1079 2938; baseline -0.005 -20"><span class='ocrx_word' id='word_1_239' title='bbox 70 2851 203 2938; x_wconf 78' lang='grc' dir='ltr'><strong><em>ποιικήν</em></strong></span> <span class='ocrx_word' id='word_1_240' title='bbox 225 2854 344 2936; x_wconf 85' lang='grc' dir='ltr'><strong><em>τέχνην</em></strong></span> <span class='ocrx_word' id='word_1_241' title='bbox 365 2853 555 2936; x_wconf 81' lang='grc' dir='ltr'><strong><em>ἐπιθυμίαις</em></strong></span> <span class='ocrx_word' id='word_1_242' title='bbox 579 2857 688 2928; x_wconf 77' lang='grc' dir='ltr'><strong><em>καλῶς</em></strong></span> <span class='ocrx_word' id='word_1_243' title='bbox 708 2858 869 2937; x_wconf 85' lang='grc' dir='ltr'><strong><em>χρῆσθαι,</em></strong></span> <span class='ocrx_word' id='word_1_244' title='bbox 894 2845 974 2916; x_wconf 69' lang='grc' dir='ltr'><strong><em>ὥστ’</em></strong></span> <span class='ocrx_word' id='word_1_245' title='bbox 997 2847 1079 2914; x_wconf 77' lang='grc' dir='ltr'><strong><em>ἄνευ</em></strong></span> 
     </span>
     <span class='ocr_line' id='line_1_29' title="bbox 69 2942 1080 3036; baseline -0.008 -17"><span class='ocrx_word' id='word_1_246' title='bbox 69 2950 176 3019; x_wconf 86' lang='grc' dir='ltr'><strong><em>νόσου</em></strong></span> <span class='ocrx_word' id='word_1_247' title='bbox 192 2947 255 3035; x_wconf 79' lang='grc' dir='ltr'><strong><em>τὴν</em></strong></span> <span class='ocrx_word' id='word_1_248' title='bbox 271 2945 398 3036; x_wconf 73' lang='grc' dir='ltr'><strong><em>ἡδονὴν</em></strong></span> <span class='ocrx_word' id='word_1_249' title='bbox 415 2949 665 3033; x_wconf 75' lang='grc' dir='ltr'><strong><em>καρπώσασθαι.</em></strong></span> <span class='ocrx_word' id='word_1_250' title='bbox 686 2948 741 3014; x_wconf 80' lang='grc' dir='ltr'><strong><em>καὶ</em></strong></span> <span class='ocrx_word' id='word_1_251' title='bbox 758 2951 794 3014; x_wconf 83' lang='grc' dir='ltr'><strong><em>ἐν</em></strong></span> <span class='ocrx_word' id='word_1_252' title='bbox 810 2953 954 3034; x_wconf 80' lang='grc' dir='ltr'><strong><em>μουσικῇ</em></strong></span> <span class='ocrx_word' id='word_1_253' title='bbox 969 2942 1009 3029; x_wconf 79' lang='grc' dir='ltr'><strong><em>δὴ</em></strong></span> <span class='ocrx_word' id='word_1_254' title='bbox 1025 2945 1080 3011; x_wconf 81' lang='grc' dir='ltr'><strong><em>καὶ</em></strong></span> 
     </span>
     <span class='ocr_line' id='line_1_30' title="bbox 70 3039 1080 3135; baseline -0.01 -18"><span class='ocrx_word' id='word_1_255' title='bbox 70 3051 106 3118; x_wconf 85' lang='grc' dir='ltr'><strong><em>έν</em></strong></span> <span class='ocrx_word' id='word_1_256' title='bbox 118 3039 254 3135; x_wconf 71' lang='grc' dir='ltr'><strong><em>Ιἰατρικῇ</em></strong></span> <span class='ocrx_word' id='word_1_257' title='bbox 270 3048 324 3115; x_wconf 79' lang='grc' dir='ltr'><strong><em>καί</em></strong></span> <span class='ocrx_word' id='word_1_258' title='bbox 341 3050 377 3114; x_wconf 82' lang='grc' dir='ltr'><strong><em>ἐν</em></strong></span> <span class='ocrx_word' id='word_1_259' title='bbox 395 3061 462 3126; x_wconf 88' lang='grc' dir='ltr'><strong><em>τοῖς</em></strong></span> <span class='ocrx_word' id='word_1_260' title='bbox 477 3045 588 3124; x_wconf 75' lang='grc' dir='ltr'><strong><em>ἄλλοις</em></strong></span> <span class='ocrx_word' id='word_1_261' title='bbox 605 3053 684 3112; x_wconf 84' lang='grc' dir='ltr'><strong><em>πᾶσι</em></strong></span> <span class='ocrx_word' id='word_1_262' title='bbox 701 3046 754 3113; x_wconf 83' lang='grc' dir='ltr'><strong><em>καὶ</em></strong></span> <span class='ocrx_word' id='word_1_263' title='bbox 772 3058 839 3123; x_wconf 90' lang='grc' dir='ltr'><strong><em>τοῖς</em></strong></span> <span class='ocrx_word' id='word_1_264' title='bbox 858 3042 1080 3127; x_wconf 85' lang='grc' dir='ltr'><strong><em>ἁνθρωπείοις</em></strong></span> 
     </span>
     <span class='ocr_line' id='line_1_31' title="bbox 69 3138 1079 3228; baseline -0.009 -15"><span class='ocrx_word' id='word_1_265' title='bbox 69 3146 203 3224; x_wconf 78' lang='grc' dir='ltr'><strong><em>καὶτοῖς</em></strong></span> <span class='ocrx_word' id='word_1_266' title='bbox 213 3151 334 3226; x_wconf 83' lang='grc' dir='ltr'><strong><em>θείοις,</em></strong></span> <span class='ocrx_word' id='word_1_267' title='bbox 357 3142 438 3212; x_wconf 87' lang='grc' dir='ltr'><strong><em>καθ’</em></strong></span> <span class='ocrx_word' id='word_1_268' title='bbox 458 3142 540 3211; x_wconf 80' lang='grc' dir='ltr'><strong><em>ὅσον</em></strong></span> <span class='ocrx_word' id='word_1_269' title='bbox 551 3149 709 3228; x_wconf 84' lang='grc' dir='ltr'><strong><em>παρείκει,</em></strong></span> <span class='ocrx_word' id='word_1_270' title='bbox 723 3143 910 3226; x_wconf 80' lang='grc' dir='ltr'><strong><em>φυλακτέον</em></strong></span> <span class='ocrx_word' id='word_1_271' title='bbox 922 3138 1079 3224; x_wconf 74' lang='grc' dir='ltr'><strong><em>ἑκάτερον</em></strong></span> 
     </span>
     <span class='ocr_line' id='line_1_32' title="bbox 72 3239 1150 3329; baseline -0.001 -20"><span class='ocrx_word' id='word_1_272' title='bbox 72 3239 509 3329; x_wconf 81' lang='grc' dir='ltr'><strong><em>εῦν”Ερωτα·ἒνεστονγὰρ.</em></strong></span> <span class='ocrx_word' id='word_1_273' title='bbox 1100 3250 1150 3309; x_wconf 76' lang='grc'><strong><em>188</em></strong></span> 
     </span>
     <span class='ocr_line' id='line_1_33' title="bbox 155 3335 1082 3426; baseline -0.009 -17"><span class='ocrx_word' id='word_1_274' title='bbox 155 3348 233 3409; x_wconf 88' lang='lat' dir='ltr'><strong>IIIII.</strong></span> <span class='ocrx_word' id='word_1_275' title='bbox 276 3339 361 3409; x_wconf 79' lang='grc' dir='ltr'><strong><em>Ἐπεὶ</em></strong></span> <span class='ocrx_word' id='word_1_276' title='bbox 379 3342 433 3408; x_wconf 82' lang='grc' dir='ltr'><strong><em>καὶ</em></strong></span> <span class='ocrx_word' id='word_1_277' title='bbox 450 3337 471 3426; x_wconf 79' lang='grc' dir='ltr'><strong><em>η</em></strong></span> <span class='ocrx_word' id='word_1_278' title='bbox 487 3347 554 3407; x_wconf 76' lang='grc' dir='ltr'><strong><em>τῶν</em></strong></span> <span class='ocrx_word' id='word_1_279' title='bbox 570 3335 666 3424; x_wconf 80' lang='grc' dir='ltr'><strong><em>ὡρῶν</em></strong></span> <span class='ocrx_word' id='word_1_280' title='bbox 684 3346 746 3405; x_wconf 87' lang='grc' dir='ltr'><strong><em>τοῦ</em></strong></span> <span class='ocrx_word' id='word_1_281' title='bbox 756 3340 912 3406; x_wconf 80' lang='grc' dir='ltr'><strong><em>ἐνιαυτοῦ</em></strong></span> <span class='ocrx_word' id='word_1_282' title='bbox 925 3335 1082 3412; x_wconf 80' lang='grc' dir='ltr'><strong><em>σύστασις</em></strong></span> 
     </span>
    </p>
   </div>
   <div class='ocr_carea' id='block_1_3' title="bbox 0 0 1217 3780">
    <p class='ocr_par' dir='ltr' id='par_1_3' title="bbox 0 0 1217 3780">
     <span class='ocr_line' id='line_1_34' title="bbox 0 0 1217 3780; baseline 0 0"><span class='ocrx_word' id='word_1_283' title='bbox 0 0 1217 3780; x_wconf 95' lang='lat' dir='ltr'><strong><em> </em></strong></span> 
     </span>
    </p>
   </div>
  </div>
 </body>
</html>
