2408 3780
107 200 168 262 188
477 147 766 259 ιἰΛΑνιιαοΣ
1024 179 1027 183 ’
1079 208 1114 261 ιο

105 365 160 430 καὶ
177 360 236 430 τὸν
250 359 425 448 Ἀγάθωνα
442 368 555 429 καλεῖν
572 358 685 428 αὐτόν.
708 362 763 428 καλ
779 358 840 428 τὸν
851 361 936 426 ἰέναι
948 357 1113 444 άγόμενον

105 459 170 529 ὑπὸ
183 468 250 528 τῶν
262 457 471 544 άνθρῶπων,
489 461 544 526 καλ
555 457 832 544 περιαιρούμενον
842 455 910 543 ἅμα
920 455 980 537 τὰς
990 464 1114 538 ταινίας

105 558 149 640 ῶς
166 558 392 647 άναδήσοντα,
416 561 620 640 ἐπίπροσθεν
635 565 704 626 τῶν
724 555 914 644 ὀφθαλμῶν
934 563 1053 644 ἔχοντα
1075 554 1115 626 οά

104 664 249 727 κατιδεῖν
260 657 320 728 τὸν
330 657 511 742 Σωκράτη,
534 653 616 724 ἀλλά
628 660 826 735 καθιζεσθαι
835 653 925 742 παρά
943 656 1004 724 τὸν
1018 651 1114 742 Ἀνά-

68 775 87 823 ιι
105 770 202 828 θωνα
222 762 259 827 ἐν
276 758 364 848 μέσφ
376 756 580 840 Σωκράτους
595 757 696 824 τεκαὶ
708 758 854 824 ἐκείνου·
876 764 1115 842 παραχωρῆσαι

104 857 168 944 γάρ
179 855 240 926 τὸν
253 855 417 941 Σωκράτη
429 853 474 934 ῶς
484 857 613 922 ἐκεῖνον
621 859 778 935 καθίζειν.
797 853 1115 941 παρακαθεζόμενον

106 957 141 1024 δὲ
152 954 257 1023 αὐτὸν
267 953 517 1034 άσπάζεσθαίτε
527 950 833 1046 τδνἈγάθωνοικαλ
847 950 992 1020 άναδείν.
1010 957 1111 1020 εἰπεῖν

105 1048 239 1122 οὖντὸν
248 1053 423 1138 Ἀγάθωνα
431 1050 621 1136 ’Τπολάετε,
633 1053 765 1133 παῖδες,
777 1047 1000 1137 Ἀλκιβιάδην,
1011 1055 1069 1118 ἵνα
1079 1054 1114 1118 ἐκ

105 1160 225 1238 τρίτων
245 1154 450 1237 κατακέηται.
493 1150 593 1218 Πάνυ
613 1175 667 1235 με,
689 1153 793 1216 εἰπεῖν
809 1147 870 1215 τδν
886 1145 1112 1236 Ἀλκιβιάδην·

105 1249 189 1317 άλλά
206 1256 254 1328 τίς
269 1246 350 1335 ἡμῖν
368 1247 426 1316 ὅδε
441 1255 550 1333 τρίτος
567 1247 750 1334 σνμπότης;
780 1249 834 1314 καλ
851 1243 918 1333 ἅμα
934 1269 1113 1332 μεταστρω

105 1347 255 1433 φάμενον
265 1343 370 1413 αὐτὸν
389 1342 474 1434 ὁρᾷν
490 1346 549 1414 τὸν
561 1345 741 1431 Σωκράτη,
764 1345 878 1413 ίδόντα
891 1345 927 1413 δὲ
938 1343 1112 1432 άναπηδῆ-

105 1466 159 1513 σαι
170 1447 224 1514 καὶ
235 1450 339 1513 εἰπεῖν
349 1436 576 1529 ὮἩράκλεις,
588 1447 680 1512 τουτὶ
690 1448 725 1510 τί
729 1435 790 1528 ἦνς
802 1443 985 1528 Σωκράτης
995 1435 1113 1524 οὖτοςς

69 1553 89 1604 G
106 1547 249 1629 ἐλλοχῶν
260 1535 305 1609 αὖ
315 1569 356 1629 με
373 1545 521 1610 ἐνταῦθα
537 1544 723 1626 κατέκεισο,
746 1539 856 1625 ῶσπερ
879 1541 1010 1620 είάθεις
1027 1544 1113 1621 ἐξαί-

106 1667 191 1728 φνης
210 1640 458 1726 ἀναφαίνεσθαι
474 1637 559 1708 ὅπου
580 1639 644 1724 ἐνῶ
658 1637 752 1727 ᾤμην
772 1636 893 1724 ἥκιστά
910 1657 948 1704 σε
964 1643 1111 1705 ἔσεσθαι.

105 1741 159 1806 καλ
180 1745 245 1805 νῶν
265 1745 300 1806 τί
317 1735 423 1824 ἥκεις;
445 1740 500 1806 καλ
517 1748 549 1806 τί
565 1730 610 1804 αὖ
621 1740 768 1805 ἐνταῦθα
779 1744 986 1822 κατεκλίνης,
1003 1738 1059 1803 καλ
1071 1733 1112 1802 οὐ

105 1833 194 1917 παρά
208 1833 439 1920 Ἀριστοφάνει
456 1833 535 1903 οὐδὲ
552 1844 646 1913 εἴτις
662 1834 762 1913 άλλος
776 1842 904 1919 γελοῖος
920 1838 988 1900 ἔστι
1003 1858 1040 1899 τε
1056 1834 1112 1901 καὶ

105 1932 277 2021 βούλεται,
305 1931 388 2002 άλλά
412 1934 638 2020 διεμηχανήσω
660 1931 749 2011 ὅπως
770 1933 860 2016 παρά
882 1938 927 2020 τῶ
948 1938 1113 2021 καλλίστῳ

103 2040 171 2098 τῶν
182 2037 281 2100 ε”νδον
292 2039 492 2111 κατακείσει;
514 2034 569 2099 καλ
579 2029 640 2099 τὸν
650 2031 831 2116 Σωκράτη,
850 2029 1019 2116 Ἀγάθων,
1044 2029 1112 2115 φά-

104 2155 177 2214 ναι,
191 2127 252 2211 ὅρα
265 2139 298 2198 εί
304 2156 361 2215 μοι
373 2129 565 2214 ἐπαμύνεις·
585 2125 629 2207 ῶς
639 2129 710 2212 ἐμοὶ
720 2125 738 2195 ὁ
750 2128 873 2196 τούτου
885 2133 968 2212 ἔρως
978 2135 1040 2195 τοῦ
1051 2125 1112 2194 άν·

104 2226 246 2310 θρῶπου
257 2224 297 2292 οὐ
309 2234 441 2311 φαῦλον
452 2233 586 2313 πρᾶγμα
597 2226 743 2312 γέγονεν.
760 2224 819 2294 ἀπ’
833 2229 963 2294 ἐκείνου
973 2223 1038 2309 γάρ
1050 2233 1113 2293 τοῦ

104 2323 243 2410 χρόνου,
256 2321 316 2411 άφ’
331 2317 375 2393 οὗ
385 2325 508 2394 τούτου
521 2323 694 2412 ἠράσθην,
717 2322 828 2393 οὐκέτι
844 2329 948 2404 ἔξεστί
960 2349 1017 2410 μοι
1034 2321 1112 2390 οὔτε

63 2442 85 2494 D
104 2425 309 2511 προσβλέψαι
329 2421 407 2493 οὔτε
429 2429 645 2511 διαλεχθῆναι
664 2430 755 2508 καληῑ
778 2419 851 2489 οὐδ’
871 2423 935 2508 ἑνί,
958 2418 1113 2507 ἢοὺτοσλ

104 2525 296 2605 ζηλοτυπῶν
311 2546 351 2606 με
368 2525 422 2588 καλ
439 2530 583 2607 φθονῶν
593 2517 771 2606 θαυμαστά
783 2519 951 2604 ἐργάζεται
967 2520 1022 2587 καλ
1041 2527 1113 2586 λοι-

105 2620 251 2698 δορεῖταί
258 2641 292 2684 τε
304 2621 359 2685 καὶ
370 2617 416 2686 τῶ
427 2632 515 2705 χεῖρε
526 2618 622 2704 μόγις
633 2615 792 2703 ἀπέχεται.
806 2615 869 2704 ὅρα
881 2611 945 2686 οὖν
955 2617 1001 2704 μη’
1013 2643 1044 2684 τι
1055 2619 1111 2686 καὶ

104 2719 169 2779 νῦν
180 2713 366 2802 ἐργάσηται,
378 2714 461 2785 άλλά
474 2717 651 2798 διάλλαξον
662 2714 763 2804 ἡμᾶς,
774 2711 797 2803 ἢ
807 2713 867 2784 ἐάν
877 2720 1022 2803 ἐπιχειρῇ
1033 2716 1113 2804 βιά-

105 2814 233 2890 ζεσθαι,
254 2811 420 2900 ἐπάμυνε,
438 2812 483 2893 ῶς
492 2811 557 2900 έγῶ
568 2812 630 2902 τὴν
640 2814 762 2882 τούτου
773 2821 897 2900 μανίαν
906 2839 941 2882 τε
950 2816 1005 2883 καὶ
1017 2822 1112 2899 φιλε-

104 2912 243 2992 ραστίαν
259 2907 351 2975 πάνν
367 2907 514 2997 ὀρρωδῶ.
554 2908 642 2979 Ἀλλ’
666 2910 728 2980 οὐκ
744 2916 827 2997 ἔστι,
852 2912 957 2998 φάναι
968 2911 1113 2981 τδνἈλ-

104 3006 276 3094 κιβιάδην,
287 3007 359 3092 ἐμοὶ
370 3009 424 3074 καλ
435 3008 488 3075 σοὶ
499 3009 667 3095 διαλλαγή.
688 3006 772 3077 ἀλλά
784 3009 913 3080 τούτων
923 3012 986 3098 μὲν
997 3017 1114 3080 είσαῶ-

104 3113 159 3185 θίς
170 3127 206 3173 σε
218 3106 457 3194 τιμωρήσομαι·
471 3113 537 3174 νῦν
551 3107 589 3174 δέ
597 3133 668 3192 μοι,
683 3104 855 3196 Ἀγάθων,
867 3108 988 3196 φάναι,
1010 3108 1112 3195 μετά-

66 3212 88 3263 Ε
107 3208 163 3283 δος
173 3212 241 3271 τῶν
251 3213 397 3292 ταινιῶν,
410 3209 466 3274 ἵνα
477 3204 695 3293 άναδησωμεν
706 3204 832 3294 καλτήν
842 3207 965 3277 τοάτον
975 3208 1113 3294 ταντηνλ

103 3298 165 3385 την
175 3302 375 3390 θαυμαστὴν
385 3305 554 3393 κεφαλήν,
565 3305 620 3373 καλ
630 3304 676 3392 μή
686 3330 743 3392 μοι
751 3309 927 3395 μέμφηται,
939 3303 991 3374 ὅτι
1002 3304 1039 3375 σὲ
1049 3307 1112 3393 μὲν

104 3394 258 3486 άνέδησα,
270 3398 375 3471 αὐτὸν
386 3407 423 3472 δὲ
433 3411 578 3473 νικῶντα
589 3406 626 3471 ἐν
636 3403 748 3491 λόγοις
758 3402 884 3486 πάντας
894 3401 1109 3490 άνθρῶπονς,
