2408 3780
138 184 198 247 186
502 181 784 245 ΠΛΑΤΩΝΟΣ
1108 194 1145 251 40
1172 276 1178 287 .

102 339 255 430 σι’ἐναιῆ
276 342 335 411 ὑπ’
357 342 462 412 ἀλλον
483 342 640 428 ἄγεσθαι,
662 341 847 430 ἀρχόμενον
868 343 933 413 ἀπό
949 349 1058 414 τοῖνδε
1073 355 1144 415 τῶν

136 451 249 512 καλῶν
266 445 395 511 ἐκείνου
415 444 512 509 ἕνεκα
533 448 594 508 τοῦ
615 449 720 510 καλοῦ
743 439 793 510 ἀεὶ
818 445 1001 527 ἐπανιέναι,
1027 443 1143 531 ὥσπερ

135 544 383 628 έπανιιβαθμοῖς
394 541 581 627 χρώμενον,
604 537 668 609 ἀπὸ
680 539 754 620 ἑνός
768 542 820 610 ἐπὶ
831 540 891 609 δύο
902 545 957 611 καί
968 539 1034 611 ἀπὸ
1049 547 1144 611 δυεῖν

134 640 188 707 ἐπὶ
199 640 308 706 πάντα
320 637 360 706 τά
372 635 456 705 καλά
469 637 619 722 σώματα,
631 641 685 706 καὶ
697 637 762 708 ἀπὸ
774 649 842 709 τῶν
853 649 965 710 καλοῦν
976 642 1143 728 σωμάτων

134 738 186 805 ἐπὶ
194 735 234 804 τά
246 737 329 805 καλά
341 736 595 822 ἐπιτηδεύματα,
616 738 671 803 καὶ
682 734 747 806 ἀπό
764 746 833 806 των
843 746 955 807 καλῶν
966 742 1144 827 ἐπιτηδευ-

135 835 249 921 μάτων
266 838 318 904 ἐπὶ
335 833 374 903 τά
392 832 475 902 καλά
487 834 682 920 μαθήματα,
705 836 766 914 ἕως
777 832 841 902 ἀπό
853 838 921 904 των
931 838 1144 925 μαθημάτων

135 933 188 1001 ἐπ’
201 939 304 1001 έκεῖνο
320 931 356 1000 τό
369 931 508 1018 μάθημα
518 932 707 1020 τελευτήσῃ,
720 931 741 999 δ
752 935 840 1001 ἐστιν
851 932 913 1002 οὐκ
925 934 1032 1004 ἀλλον
1043 931 1066 1024 ῆ
1079 933 1144 1005 τιά-

135 1039 195 1098 τοῦ
207 1034 336 1098 ἐκείνου
354 1036 414 1096 τοῦ
427 1036 533 1096 καλοῦ
543 1028 699 1116 μάθημα,
721 1032 776 1098 καί
789 1038 861 1118 γνῷ
877 1029 957 1100 αάτό
974 1041 1143 1102 τελευτῶν

97 1144 118 1194 D
137 1127 236 1198 όέστι
249 1130 360 1197 καλόν.
378 1130 526 1194 ἐνταῦθα
535 1134 596 1194 τοῦ
606 1134 698 1213 βίον,
721 1119 749 1195 ἀ
764 1134 840 1213 φίλε
858 1130 1053 1219 Σώκρατες,
1077 1136 1143 1219 ἔφη

134 1225 154 1312 ῆ
170 1224 359 1311 Μαντινικὴ
373 1228 465 1311 ξένη,
488 1235 579 1308 είπερ
596 1250 663 1292 που
673 1223 809 1311 ἀλλοθι,
820 1227 944 1313 βιωτόν
953 1226 1142 1320 ἀνθράπῳ,

135 1327 295 1414 θεωμένῳ
309 1322 390 1391 αάτδ
403 1323 440 1391 τό
451 1322 563 1392 καλόν.
587 1321 676 1392 δέάν
693 1346 773 1391 ποτε
788 1328 875 1413 ίδης,
898 1323 939 1393 οὗ
956 1326 1040 1396 κατά
1058 1354 1142 1414 χρυ-

135 1429 208 1491 σίον
225 1449 259 1490 τε
277 1426 332 1491 καί
348 1426 472 1509 ἐσθῆτα
490 1425 544 1491 καὶ
560 1420 637 1501 τοὺς
653 1419 775 1501 καλοάς
786 1420 905 1502 παῖδάς
915 1449 951 1491 τε
961 1427 1017 1493 καὶ
1027 1433 1143 1494 νεανί-

134 1544 236 1601 σκους
248 1523 335 1603 δόξει
345 1542 398 1591 σοι
410 1521 509 1608 εἶναι,
527 1518 586 1600 οδς
597 1528 662 1589 νῦν
678 1517 769 1604 ὀροῖν
780 1523 976 1605 ἐκπέπληξαι
985 1525 1042 1591 καὶ
1054 1524 1143 1593 ἕτοι-

134 1647 195 1707 μος
218 1620 247 1689 εἶ
261 1623 316 1690 καὶ
329 1621 372 1690 σύ
390 1625 445 1690 καλ
462 1621 556 1689 ἀλλοι
573 1624 704 1701 πολλοί,
727 1617 874 1704 ὁρωντες·
885 1617 925 1686 τά
937 1620 1074 1691 παιδικά
1086 1624 1141 1691 καὶ

133 1718 288 1800 ξυνόντες
300 1719 351 1788 ἀεὶ
363 1719 490 1806 αὐτοῖς,
509 1730 541 1788 εί
555 1743 624 1798 πως
635 1712 706 1785 οἷόν
716 1714 748 1782 τ’
759 1707 818 1803 ῆν,
831 1717 912 1803 μήτε
922 1722 1049 1789 ἐσθίειν
1059 1722 1141 1808 μῆτε

134 1823 258 1900 πίνειν,
281 1816 365 1886 ἀλλά
381 1825 528 1886 θεᾶσθαι
539 1818 645 1905 μόνον
656 1817 710 1883 καὶ
721 1818 875 1894 ξυνεῖναι.
899 1823 933 1884 τί
942 1821 1041 1904 δῆτα,
1063 1823 1140 1907 ἔφη,

99 1915 295 2002 λοίόμεθα,
320 1926 352 1984 εί
369 1944 413 2006 τῳ
436 1920 563 2005 γένοιτο
581 1912 661 1984 αὐτὰ
684 1912 720 1980 τό
738 1909 844 1981 καλὸν
861 1918 944 1983 ίδεῖυ
955 1920 1139 2003 εἰλικρινές,

59 2056 62 2061 -
134 2013 297 2098 καθαρόν,
309 2011 458 2100 ἀμικτου,
472 2012 552 2083 ἀλλά
566 2012 609 2101 μῆ
622 2012 798 2080 ἀνάπλεων
808 2020 943 2097 σαρκτδν
953 2040 989 2081 τε
1000 2011 1141 2102 ἀνθρω-

134 2119 242 2179 πίνων
255 2114 310 2179 καὶ
319 2113 501 2198 χρωμάτων
512 2116 566 2181 καὶ
578 2109 680 2198 ἀλλης
691 2118 814 2196 πολλῆς
825 2116 990 2197 φλυαρίας
999 2122 1140 2203 θνητῆς,

135 2207 207 2276 ἀλλ’
232 2206 312 2276 αάτό
335 2208 371 2277 τό
395 2219 491 2278 θεῖον
512 2210 616 2280 καλόν
634 2210 770 2279 δυ’ναιτο
789 2210 957 2296 μονοειδὲς
975 2218 1140 2295 κατιδεῖνς

65 2321 117 2374 212
134 2300 189 2392 ἀρ’
202 2317 281 2394 οίει,
305 2313 386 2396 ἐφη,
410 2319 544 2395 φαῦλον
561 2318 635 2398 βίον
651 2316 828 2395 γίγνεσθαι
845 2311 948 2378 ἐκεῖσε
959 2316 1142 2398 βλέποντος

134 2404 320 2492 ἀνθρώπου
330 2410 385 2476 καὶ
396 2412 502 2478 ἐκεῖνο
513 2400 541 2500 φ’
552 2413 603 2477 δεῖ
612 2411 786 2494 θεωμένου
796 2409 850 2476 καὶ
862 2409 1020 2489 ξυνόντος
1031 2410 1125 2498 αὐτῷ
1131 2440 1141 2491 ς

132 2500 228 2591 ῆοάκ
240 2509 388 2592 ἐνθυμεῖ,
401 2511 481 2594 ἔφη,
503 2507 554 2576 δτι
571 2511 718 2576 ἐνταῦθα
736 2502 824 2595 αὐτῷ
841 2515 990 2593 μοναχοῦ
999 2509 1141 2596 γενήσε-

134 2629 202 2685 ται,
222 2601 342 2686 ὁρῶντι
354 2594 383 2693 ᾦ
399 2600 522 2690 ὁρατόν
532 2603 568 2674 τὸ
580 2606 702 2690 καλόν,
724 2610 843 2672 τίκτειν
854 2602 917 2673 οὐκ
929 2610 1049 2675 είδωλα
1061 2605 1141 2691 ἀρε-

132 2707 204 2785 τῆς,
228 2697 284 2767 ἀτε
295 2699 359 2769 οὐκ
372 2702 511 2771 εἰδώλου
522 2706 754 2793 ἐφαπτομένῳ,
777 2701 851 2771 ἀλλ’
863 2703 991 2792 ἀληθῆ,
1009 2703 1067 2774 ἀτε
1078 2713 1141 2774 τοῦ

132 2797 282 2884 ἀληθοῦς
295 2803 524 2893 ἐφαπτομένῳ·
546 2805 674 2873 τεκόντι
688 2805 724 2872 δὲ
734 2800 856 2890 ἀρετῆν
866 2802 977 2891 ἀληθῆ
990 2806 1045 2873 καὶ
1054 2814 1141 2889 θρε-

132 2901 266 2987 ψομένῳ
284 2893 423 2985 ὑπάρχει
439 2911 594 2987 θεοφιλεῖ
608 2905 782 2988 γενέσθαι,
804 2904 859 2970 καί
876 2910 967 2987 είπερ
985 2928 1030 2991 τῳ
1049 2900 1139 2993 ἀλλῳ

99 3014 117 3065 Β
135 2995 327 3082 ἀνθρώπων
339 2995 497 3087 ἀθανάτῳ
510 3001 564 3068 καὶ
575 3003 706 3090 ἐκείνῳ;
717 3041 760 3052 -
775 3008 886 3068 Ταῦτα
897 3001 939 3088 δή
946 3052 956 3087 ,
975 2993 1142 3090 ἀΦαῖδρέ

133 3098 232 3164 τεκαὶ
244 3096 395 3183 οίάλλοι,
418 3103 481 3185 ἔφη
494 3098 555 3186 μὲν
566 3106 723 3184 Διοτίμα,
747 3101 921 3185 πέπεισμαι
933 3097 966 3166 δ’
978 3098 1043 3184 ἐγώ
1051 3123 1058 3138 ·
1079 3123 1140 3167 πε-

134 3198 306 3280 πεισμένος
324 3196 360 3264 δὲ
371 3205 534 3284 πειρῶμαι
544 3199 598 3266 καὶ
610 3195 687 3277 τούς
698 3195 819 3276 ἀλλους
830 3204 975 3284 πείθειν,
994 3196 1140 3267 ότιτοά·

134 3318 193 3359 τον
210 3302 270 3360 τοῦ
287 3295 449 3381 κτήματος
465 3304 505 3384 τῆ
520 3295 714 3385 ἀνθρωπείῳ
726 3291 826 3381 φύσει
837 3294 1002 3385 συνεργόν
1011 3294 1139 3383 ἀμείνω

125 3392 266 3473 Ἔρωτος
276 3389 338 3460 οὐκ
355 3392 399 3461 ἀν
415 3421 464 3473 τις
480 3396 601 3482 ῥᾳδίως
612 3396 717 3481 λάβοι.
734 3394 785 3472 διδ
798 3393 838 3480 δὴ
849 3396 953 3480 ἔγωγέ
960 3420 1046 3483 φημι
1054 3404 1139 3483 χρῆ-
