2408 3780
132 153 196 218 366
468 157 537 216 AN
546 158 803 217 ΤΕΡΑΣΤΑΙ.
1109 165 1145 222 96

133 306 173 382 εὖ
183 310 226 384 όν
236 315 298 403 τὴν
310 321 417 384 οἰκίαν
429 320 549 383 διοικοῖ
565 311 588 402 ἦ
605 315 688 404 ἄλλη
706 319 770 384 τινὶ
787 318 1142 406 τέχνηςιΔικαιοσύνη.

46 494 49 498 Α
123 412 236 482 Ἔστιν
243 411 308 501 ἄρα
314 413 428 500 ταύτό,
442 411 485 494 ὡς
492 418 588 499 ἔοικε,
600 413 765 504 βασιλεύς,
777 415 954 503 τύραννος,
962 417 1142 503 πολιτικός,

134 512 320 599 οἰκονόμος,
333 512 503 600 δεσπότης,
514 513 673 599 σαόφρων,
685 515 819 592 δίκαιος.
833 513 888 581 καὶ
899 519 957 600 μία
964 517 1061 600 τέχνη
1074 515 1143 581 ἐστὶ

132 611 304 699 βασιλική,
321 610 522 699 τυραννική,
541 610 709 697 πολιτική,
730 610 923 697 δεσποτική,
934 609 1142 696 οἰκονομική,

133 708 344 796 δικαιοσύνη,
357 708 569 795 σωφροσύνη.
591 714 765 795 Φαίνεται,
777 712 840 794 έφη
848 757 857 792 ,
870 705 986 786 οὕτως.

93 818 115 869 1>
215 814 266 874 IX.
309 806 461 893 Πότερον
480 797 543 874 ούν
560 813 608 895 τῷ
628 805 821 895 φιλοσόφῳ,
844 803 926 875 ὅταν
946 805 1007 892 μὲν
1029 802 1142 889 ίατρὸς

132 905 207 992 περὶ
224 912 293 973 τόν
304 905 502 992 καμνόντων
516 931 548 972 τι
558 906 655 992 λέγη,
678 901 815 988 αἰσχρόν
825 900 907 989 μηδ’
922 902 1062 969 ἕπεσθαι
1073 917 1142 982 τοῖς

131 1006 321 1088 λεγομένοις
333 1001 502 1071 δύνασθαι
513 1003 594 1089 μήτε
613 1002 859 1091 ξυμβάλλεσθαι
870 1000 974 1088 μηδὲν
986 1002 1058 1084 περὶ
1071 1007 1141 1068 τῶν

131 1101 319 1186 λεγομένων
341 1097 363 1186 ἦ
384 1104 634 1187 πραττομένων,
658 1101 713 1169 καὶ
735 1097 861 1169 ὁκόταν
884 1097 983 1178 ἄλλος
1007 1125 1055 1177 τις
1072 1107 1138 1166 των

132 1201 361 1284 δημιουργόν,
384 1194 556 1278 ὡσαύτως·
580 1195 660 1266 ὅταν
678 1198 713 1267 δὲ
731 1196 886 1286 δικαστὴς
903 1193 925 1283 ἢ
942 1193 1101 1286 βασιλεύς
1117 1192 1140 1283 ἢ

131 1293 229 1374 ἄλλος
239 1321 286 1375 τις
297 1287 345 1363 όν
357 1302 422 1363 νύν
432 1292 473 1382 δη
484 1294 739 1381 διεληλύθαμεν,
752 1291 814 1363 ούκ
825 1291 962 1380 αἰσχρόν
972 1296 1047 1376 περὶ
1059 1294 1137 1362 τού-

130 1419 198 1460 των
207 1392 291 1480 μηθ’
305 1395 443 1463 ἕπεσθαι
456 1393 624 1462 δύνασθαι
636 1392 717 1478 μήτε
730 1391 979 1480 συμβάλλεσθαι
990 1395 1064 1477 περὶ
1076 1389 1137 1459 αύ-

130 1501 213 1574 τύνς
226 1501 303 1574 Πως
314 1491 346 1561 δ’
361 1490 423 1562 ούκ
435 1492 582 1579 αἰσχρόν,
595 1483 622 1559 ό
633 1491 820 1576 Σώκρατες,
832 1497 911 1577 περί
919 1517 955 1576 γε
966 1489 1134 1560 τοσούτων

131 1589 823 1678 πραγμύτωνμηδένέχεινουμβύλλεοθαι;
843 1591 994 1675 Πότερον
1005 1581 1070 1657 ούν
1081 1590 1137 1657 καὶ

95 1709 115 1762 E
134 1692 207 1774 περὶ
224 1698 327 1759 ταῦτα
345 1693 507 1777 λέγωμεν,
530 1695 631 1777 ἔφην,
655 1692 844 1758 πένταθλον
856 1685 960 1758 αὐτόν
972 1693 1042 1757 δεῖν
1053 1686 1137 1756 εἶναι

130 1791 184 1875 καὶ
196 1789 362 1876 ύπακρον,
385 1791 440 1857 καὶ
452 1793 488 1858 έν
499 1787 629 1868 τούτοις
639 1786 679 1856 τόι
692 1792 861 1871 δευτερεῖα
872 1793 987 1874 έχοντα
999 1787 1135 1854 πόντων

130 1886 188 1958 τόν
200 1887 405 1973 φιλόσοφον,
426 1889 482 1957 καὶ
499 1885 631 1974 όχρεῖον
650 1884 750 1973 εἶναι,
774 1887 834 1964 ἕως
851 1881 894 1953 όν
905 1885 1033 1953 τούτων
1045 1911 1092 1964 τις
1103 1876 1135 1972 ᾖ,

129 1980 152 2070 η’
169 1986 379 2072 πρῶτονμὲν
396 1984 458 2073 την
475 1984 706 2055 αύτούοίκίαν
729 1982 791 2052 ούκ
814 1983 902 2073 όίλλφ
925 1986 1135 2070 ἐπιτρεπτέον

131 2080 209 2152 οὐδὲ
221 2079 260 2150 τὰ
274 2087 440 2169 δευτερεῖα
454 2088 490 2152 ἐν
500 2082 607 2172 τούτφ
620 2083 743 2168 ἑκτέον,
756 2079 829 2149 ἀλλ’
842 2077 945 2150 αύτὸν
957 2085 1137 2150 κολαστέον

131 2181 303 2260 δικάζοντα
321 2179 449 2269 ὀρθοῖς,
476 2187 505 2250 εί
520 2184 629 2268 μέλλει
647 2173 686 2249 εὖ
703 2185 868 2248 οἰκεῖσθαι
885 2177 991 2248 αύτού
1002 2176 1022 2266 ἡ
1034 2181 1137 2255 οἰκίας

128 2276 315 2364 Ξννεχούρει
327 2276 367 2363 δή
379 2303 442 2364 μοι.
465 2275 598 2347 Ἔπειτό
614 2304 652 2364 γε
664 2277 773 2366 δήπου
784 2277 843 2345 ἐόν
853 2303 887 2345 τε
899 2280 933 2346 οί
943 2286 1033 2364 φίλοι
1045 2275 1137 2368 αὐτῷ

130 2383 254 2456 διαίτας
265 2380 498 2464 ἐπιτρέπωσιν,
512 2377 570 2447 ἐόν
581 2403 616 2446 τε
627 2374 647 2463 ἡ
660 2375 754 2455 πόλις
765 2403 796 2443 τι
807 2375 994 2465 προστόττη
1006 2379 1137 2461 διακρί-

64 2493 111 2549 139
131 2471 234 2561 νεινιῖ
247 2475 405 2564 δικάζειν,
429 2473 565 2564 αίσχρόν
579 2479 614 2545 ἐν
625 2476 771 2561 τούτοις,
795 2465 955 2560 όέταῖρε,
978 2474 1137 2560 δεύτερον

128 2570 352 2659 φαίνεσθαιτί
372 2583 482 2660 τρίτον
504 2570 623 2661 καὶμὴ
647 2572 707 2660 ούχ
730 2571 900 2662 ἡγεῖσθαις
944 2582 1052 2642 Δοκεῖ
1069 2598 1135 2658 μοι.

128 2675 262 2736 Πολλοῦ
275 2668 339 2754 όιρα
351 2675 403 2740 δεῖ
409 2670 499 2760 ἡμῖν,
513 2665 540 2739 ύ
550 2665 713 2757 βέλτιστε,
726 2669 762 2740 τδ
776 2678 973 2758 φιλοσοφεῖν
983 2679 1138 2757 πολυμα-

127 2772 186 2834 διά
204 2791 238 2833 τε
258 2764 341 2833 εἶναι
358 2767 446 2854 καὶὴ
464 2774 539 2855 περὶ
554 2771 612 2849 τὰς
628 2771 742 2856 τέχνας
753 2774 966 2857 πραγματεία.
985 2770 1138 2849 εἰπόντος

129 2865 160 2934 δ’
173 2869 254 2953 έμού
265 2871 369 2932 ταῦτα
381 2864 398 2933 ὁ
410 2868 471 2951 μὲν
484 2865 588 2953 σοφός
599 2870 790 2953 αἰσχυνθεὶς
804 2883 873 2949 τοῖς
884 2866 1138 2956 προειρημένοις

46 3052 48 3055 ¹
128 2967 293 3052 ἐσίγησεν,
316 2957 388 3032 ὅδὲ
405 2960 538 3052 ἀμαθὴς
552 2970 615 3053 ἔφη
632 2967 765 3047 ἐκείνως
784 2965 884 3037 εἶναι·
909 2968 964 3036 καί
986 2970 1021 3035 ολ
1040 2965 1138 3035 ἄλλοι

127 3063 291 3151 ἐπῄνεσαν
302 3062 341 3132 τόι
353 3064 517 3153 εἰρημένα.

528 3275 726 3289 W
