2408 3780
148 181 190 246 34
508 182 795 242 ΠΛΑΤΩΝΟΣ

79 363 129 418 153
147 342 215 411 τῶν
232 343 359 427 άλλων;
386 340 459 411 Οάκ
477 348 538 428 ἐχω
556 343 672 426 λέγειν.
707 340 791 410 Τάδε
810 369 848 428 γε
864 341 931 429 μὴν
943 349 1023 429 ἔχεις
1035 350 1154 431 λέγειν,

146 440 196 509 ὅτι
213 440 251 509 τά
271 440 355 510 άλλα
373 448 433 509 τοῦ
450 440 540 526 ἑνός,
564 449 654 524 είπερ
674 439 768 524 ἕτερά
780 444 868 508 ἐστιν
879 439 962 509 άλλά
972 440 1016 528 μὴ
1030 445 1154 527 ἕτερον,

145 547 245 606 πλείω
262 540 349 605 ἐστὶν
367 538 457 616 ένάς·
480 539 594 621 ἕτερον
612 537 674 622 μὲν
689 536 754 623 γάρ
772 532 813 605 &v
827 532 989 624 ἓνάνῆν,
1011 541 1154 626 ἕτεραδὲ

144 635 225 704 ὅντα
242 642 342 702 πλείω
360 635 434 713 ἑνός
452 638 519 703 ἐστι
536 635 590 702 καὶ
607 642 736 720 πλῆθος
753 631 797 702 άυ
812 640 887 720 ἔχοι.
916 635 1007 722 Ἕχοτ
1023 634 1087 723 γάρ
1100 637 1151 706 άν.

144 741 282 820 Πλῆθος
305 733 340 801 δὲ
357 728 398 800 ὂν
414 732 562 821 άριθμοῦ
581 740 732 813 πλείονος
748 730 791 802 άν
807 737 934 821 μετέχοι
949 731 972 821 η’
988 743 1049 804 τοῦ
1069 737 1151 815 ἑνός.

62 870 67 881 ’
142 840 220 912 Πῶς
238 831 270 900 δ’
289 831 347 911 οὕς
374 838 417 899 Τί
430 825 510 915 οάν;
535 831 686 920 άριθμοῦ
703 833 855 920 φήσομεν
871 832 911 900 τά
930 841 1029 901 πλείω
1040 840 1152 920 γίγνε-

144 937 227 999 σθαί
236 956 270 998 τε
282 931 337 997 καὶ
347 933 520 1015 γεγονέναι
532 932 706 1016 πρότερον,
719 925 742 1016 η’
751 929 790 998 τά
803 931 941 1012 ἐλάττω;
957 930 1005 998 Τά
1018 932 1149 1000 ἐλάττω.

147 1029 191 1096 Τὸ
211 1026 378 1113 ὀλίγιστον
395 1026 460 1114 άρα
477 1036 624 1112 πρῶτον·
642 1037 740 1096 τοῦτο
760 1027 792 1096 δ’
811 1034 878 1096 ἐστι
895 1026 930 1096 τὸ
949 1029 996 1094 έν.
1026 1022 1049 1116 ἦ
1067 1029 1150 1114 γάρ;

108 1136 127 1192 Β
146 1131 223 1194 Ναί.
256 1126 400 1192 Πάντων
423 1124 488 1212 άρα
509 1123 545 1194 τὰ
570 1129 608 1193 ἓν
629 1134 764 1213 πρῶτον
784 1129 900 1212 γέγονε
917 1134 985 1194 τῶν
1002 1123 1151 1213 ἀριθμὸν

144 1226 297 1313 ἐχόντων.
330 1229 395 1311 ἔχει
413 1227 448 1293 δὲ
467 1227 521 1293 καὶ
537 1217 639 1292 τάλλα
653 1224 761 1292 πάντα
772 1223 936 1310 ἀριθμόν,
960 1233 1050 1308 εἴπερ
1064 1224 1149 1293 ἄλλα

141 1322 249 1409 καὶμὴ
262 1321 342 1390 άλλο
354 1326 449 1390 ἐστίν.
472 1321 561 1407 Ἔχει
570 1321 644 1407 γάρ.
668 1329 809 1408 Προίτου
821 1324 858 1389 δέ
867 1347 920 1407 γε,
935 1320 1039 1408 οἶμαι,
1052 1348 1146 1408 γεγο-

25 1470 28 1475 -
141 1420 200 1501 νὸς
212 1420 375 1505 πρότερον
385 1424 517 1506 γέγονε,
536 1418 575 1487 τά
588 1423 624 1486 δὲ
635 1418 718 1487 ἄλλα
729 1418 887 1504 ὕστερον·
909 1416 992 1486 τάδ’
1006 1417 1147 1505 ὕστερον

141 1519 303 1606 γεγονότα
324 1516 467 1604 νεώτερα
488 1524 549 1586 τοῦ
571 1515 733 1601 πρότερον
753 1515 943 1603 γεγονότος·
970 1517 1024 1584 καί
1043 1515 1146 1596 οὕτως

141 1614 184 1684 άν
196 1627 246 1703 είη
258 1609 361 1684 τᾶλλα
373 1616 517 1702 νεώτερα
527 1622 589 1683 τοῦ
602 1614 685 1699 ἑνός,
699 1611 736 1683 τό
749 1615 785 1683 δὲ
798 1618 834 1681 ἓν
845 1613 1070 1701 πρεσβύτερον
1080 1622 1148 1680 τοῖν

141 1714 260 1784 ἄλλων.
283 1723 346 1801 Είη
357 1711 423 1800 γάρ
434 1712 485 1781 άν.

224 1819 290 1878 XX.
339 1818 381 1878 Τί
395 1811 431 1879 δὲ
447 1810 541 1891 τόδε;
564 1803 619 1894 ἆρ’
639 1806 683 1878 άν
700 1820 749 1894 είη
768 1807 803 1877 τὸ
822 1807 959 1892 ἐνπαρά
972 1808 1075 1893 φύσιν
1087 1805 1148 1893 τὴν

36 1925 40 1931 “
102 1935 121 1986 0
142 1906 248 1975 αὑτοῦ
258 1906 412 1994 γεγονός,
426 1902 446 1993 ἢ
458 1904 642 1988 άδάνατου;
661 1905 850 1973 Ἀδύνατον.
879 1903 974 1971 Ἀλλά
985 1903 1053 1990 μὴν
1063 1908 1145 1988 μέρη

139 2034 176 2094 γε
194 2011 268 2092 ἔχον
288 2005 395 2091 ἐφάνη
412 2003 449 2072 τὸ
461 2006 515 2089 έν,
539 2010 569 2072 εί
579 2002 615 2071 δέ
625 2006 725 2089 μέρη,
745 2004 800 2070 καὶ
810 2001 916 2088 ἀρχὴν
927 2004 980 2069 καὶ
992 2001 1147 2086 τελευτὴν
1161 2026 1165 2035 ·

139 2109 194 2175 καί
206 2109 316 2190 μέσον.
349 2107 427 2173 Ναί.
456 2099 593 2170 Οὐκοῦν
606 2100 740 2167 πάντων
751 2107 884 2186 πρῶτον
895 2096 977 2184 άρχὴ
989 2106 1145 2184 γίγνεται,

141 2203 196 2270 καὶ
209 2197 315 2267 αὐτοῦ
327 2205 387 2266 τοῦ
398 2199 473 2278 ἐνός
484 2199 539 2266 καί
551 2199 691 2266 ἑκάστου
703 2205 770 2263 των
781 2195 909 2280 ἄλλων,
927 2199 981 2264 καὶ
993 2196 1073 2283 μετά
1084 2195 1146 2283 τὴν

140 2296 245 2384 άρχὴν
262 2299 316 2366 καὶ
332 2289 434 2364 τάλλα
452 2298 560 2364 πάντα
577 2299 670 2383 μέχρι
686 2304 747 2363 τοῦ
763 2301 893 2375 τέλους;
918 2302 960 2362 Τί
974 2295 1057 2382 μήν;
1081 2299 1146 2364 Καὶ

139 2395 207 2484 μὴν
223 2393 323 2482 μόριά
340 2421 378 2482 γε
395 2394 547 2483 φήσομεν
557 2393 651 2462 ταῦτ’
664 2393 747 2463 εἶναι
758 2393 866 2461 πάντα
878 2387 981 2462 τάλλα
991 2402 1052 2462 τοῦ
1065 2394 1146 2463 ὅλον

140 2521 174 2562 τε
192 2496 246 2561 καί
264 2494 352 2579 ἑνός,
376 2491 457 2561 αὐτὸ
476 2492 511 2560 δὲ
528 2497 633 2562 ἐκεῖνο
651 2492 719 2579 άμα
730 2501 770 2580 τῇ
780 2501 915 2580 τελευτῇ
924 2496 1096 2578 γεγονέναι
1108 2496 1145 2560 έν

139 2617 173 2659 τε
185 2590 239 2658 καὶ
251 2587 340 2657 ὅλον.
370 2589 525 2675 Φήσομεν
535 2590 610 2674 γάρ.
647 2586 788 2674 Τελευτὴ
802 2592 838 2656 δὲ
849 2587 940 2674 οἶμαί
947 2615 985 2673 γε
1002 2588 1145 2656 ὕστατον

104 2715 124 2765 ρ
140 2694 302 2774 γίγνεται·
318 2688 426 2776 τούτῳ
439 2684 469 2752 δ’
483 2685 550 2771 ἅμα
560 2685 597 2755 τὸ
610 2689 648 2754 ἓν
658 2690 786 2772 πέφυκε
798 2692 985 2770 γίγνεσθαι·
1004 2683 1082 2753 [ὅστ’
1097 2697 1144 2755 εί-

139 2810 200 2871 περ
212 2783 340 2871 ἀνάγκη
352 2781 434 2851 αὐτὰ
447 2779 487 2851 τά
496 2786 533 2852 ’έν
544 2782 589 2870 μὴ
601 2782 690 2868 παρὰ
702 2784 807 2871 φύσιν
817 2788 1007 2871 γίγνεσθαι,
1026 2783 1092 2870 ἅμα
1103 2794 1144 2872 τῇ

139 2889 273 2969 τελευτῇ
292 2877 336 2949 ἄν
353 2877 493 2967 γεγονὸς
510 2879 654 2949 ὕστατον
671 2879 714 2949 άν
731 2888 799 2949 τοῖν
810 2879 921 2947 άλλων
932 2878 1083 2966 πεφυκὸς
1095 2892 1143 2969 εἴη

139 2987 322 3067 γίγνεσθαι.
357 2984 521 3047 Φαίνεται.
554 2979 731 3062 Νεάτερον
753 2976 817 3064 ἄρα
839 2985 907 3045 τῶν
923 2976 1035 3062 ἄλλων
1051 2977 1087 3048 τὸ
1106 2982 1144 3048 ἕν

139 3082 217 3163 ἐστι,
230 3078 268 3145 τὰ
280 3074 306 3144 δ’
320 3077 404 3146 ἄλλα
414 3084 477 3144 τοῦ
489 3075 562 3156 ἕνός
574 3077 791 3165 πρεσβύτερα.
814 3074 931 3155 Οὕτως
942 3069 988 3142 αὖ
997 3103 1054 3162 μοι
1065 3087 1143 3162 φαί-

19 3208 30 3215 -
139 3199 239 3240 υεται.
264 3181 307 3241 Τί
314 3176 350 3242 δὲ
360 3174 418 3261 ἃή;
429 3170 566 3262 άρχήνῆ
577 3173 657 3243 άλλο
669 3178 767 3260 μέρος
778 3171 892 3242 ὁτιοῦν
902 3182 963 3241 τοῦ
972 3170 1075 3260 ένὸςῆ
1084 3175 1143 3242 άλ·

139 3278 201 3337 λου
217 3267 377 3356 ὁτουοῦν,
399 3273 519 3355 ἐάνπερ
538 3277 636 3357 μέρος
653 3265 674 3360 ᾗ
692 3270 775 3340 ἀλλὰ
786 3270 830 3358 μὴ
841 3275 940 3358 μέρη,
964 3269 1027 3338 οὐκ
1038 3269 1143 3356 ἀναγ-

138 3380 235 3436 καῖον
247 3369 284 3434 ἓν
296 3365 395 3455 εἶναι,
408 3373 507 3455 μέρος
519 3397 555 3455 γε
567 3369 623 3451 ὅτίς
644 3368 795 3456 Ἀνάγκη.
827 3367 964 3437 Οὐκοῦν
974 3366 1011 3437 τό
1024 3372 1062 3436 ἓν
1076 3368 1143 3456 άμα
