2408 3780
49 194 86 251 65
443 187 669 247 ΦΑΙΔΡΟΣ.
1000 188 1061 251 203

51 346 93 435 δὴ
114 354 216 417 τοῦτο
238 348 294 416 καὶ
315 346 552 432 κεκόμψευται·
576 351 661 432 λέγει
683 346 747 432 γάρ
770 346 814 427 ἀς
830 350 1001 434 χαριστέον
1017 351 1061 434 μη

53 448 175 535 ἐρῶντι
185 439 483 533 μάλλονῆἐραῖντι.

140 549 217 612 ΣΩ.
236 537 280 610 Ὦ
290 553 460 628 γενναῖος,
473 548 545 608 είθε
555 540 714 625 γράψειεν
726 538 770 619 ὡς
780 539 840 626 χρὴ
853 545 966 629 πένητι
976 551 1061 630 μάλ-

52 638 147 728 λονῆ
159 646 325 731 πλουσίῳ,
338 641 393 709 καὶ
403 644 615 729 πρεσβυτέρῳ
626 635 648 726 ἢ
659 645 825 730 νεωτέρῳ,
838 644 892 710 καλ
903 641 967 710 ὅσα
977 642 1060 713 ἀλλα

53 743 131 827 ἐμοί
143 764 180 808 τε
193 737 351 824 πρόσεστι
361 740 416 807 καὶ
427 751 495 817 τοῖς
505 746 638 818 πολλοῖς
647 735 757 826 ἡμῶν·
778 733 875 826 ἦγάρ
885 735 929 808 ἀν
939 738 1061 810 ἀστεῖοι
1079 755 1100 806 D

53 841 110 907 καὶ
126 843 332 925 δημωφελεῖς
348 834 416 905 εἶεν
426 841 460 904 ολ
469 837 571 922 λόγοι.
603 834 701 923 ἔγωγ’
715 829 778 905 οὖν
789 836 894 918 οὕτως
905 842 1061 908 ἐπιτεθά·

51 962 142 1023 μηκα
153 932 306 1022 ἀκοῦσαι,
321 931 400 1002 ὥστ’
413 932 473 1003 ἐὰν
482 939 624 1021 βαδιζῳν
635 941 713 1023 ποιῇ
725 936 784 1003 τόν
794 943 975 1021 περίπατον
987 941 1060 1006 Μέ-

55 1033 197 1120 γαράδε,
226 1033 282 1100 καὶ
308 1029 392 1100 κατά
411 1028 587 1117 Ἡρόδικον
607 1030 755 1120 προσβάς
775 1040 823 1124 τῷ
844 1041 939 1120 τείχει
961 1037 1062 1105 πάλιν

53 1130 169 1221 ἀπίης,
183 1126 224 1199 οά
235 1129 282 1218 μή
293 1149 356 1198 σου
367 1128 573 1216 ἀπολειφθῶ.

141 1235 234 1298 ΦΑΙ.
266 1235 345 1306 Παίς
356 1229 476 1313 λέγεις,
488 1220 517 1296 ὦ
527 1231 672 1314 βέλτιστε
682 1229 877 1316 Σοόκρατες,
899 1239 961 1299 οίει
971 1257 1028 1317 με,
1041 1228 1062 1298 ἀ

56 1333 182 1406 Λυσίας
192 1329 230 1395 ἐν
239 1333 353 1415 πολλῳ
363 1324 474 1414 χρόνῳ
486 1327 568 1394 κατά
582 1325 704 1414 σχολὴν
716 1331 899 1415 συνέθηκε,
912 1329 1062 1395 δεινότα-
1079 1337 1131 1392 228

57 1450 111 1505 τος
121 1420 171 1493 τάν
180 1430 250 1492 τοὶυ
262 1430 326 1491 νῦν
336 1423 495 1509 γράφειν,
512 1430 616 1491 ταῦτα
627 1425 763 1513 λδιοίτην
774 1424 855 1493 όντα
866 1422 1061 1512 ἀπομνημο-

58 1526 190 1592 νεόσειν
201 1518 298 1603 ἀξίως
307 1524 452 1602 ἐκείνους
465 1527 591 1589 πολλοῦ
601 1545 637 1605 γε
649 1521 729 1589 δέω·
749 1528 808 1590 καί
815 1548 865 1590 τοι
876 1524 1063 1610 ἐβουλόμην

59 1619 88 1707 γ’
101 1616 147 1689 ἀν
156 1626 285 1708 μᾶλλον
294 1617 318 1706 ἤ
328 1644 384 1706 μοι
397 1615 483 1687 πολὺ
496 1624 634 1704 χρυσίον
645 1621 811 1705 γενέσθαι.

140 1725 177 1788 ΙΙ.
221 1723 296 1786 ΣΩ.
320 1711 360 1786 Ὠ
382 1721 524 1802 Φαῖδρε,
547 1720 578 1783 εί
598 1716 661 1801 ἐγώ
682 1721 830 1801 Φαῖδρον
853 1716 965 1803 ἀγνοῶ
973 1769 982 1801 ,
1007 1721 1061 1787 καὶ

56 1820 201 1905 ἐμαυτοῦ
225 1818 444 1902 ἐπιλέλησμαι.
473 1812 556 1882 ἀλλά
576 1811 640 1898 γάρ
659 1811 815 1901 οὐδέτερά
833 1819 900 1884 ἐστι
917 1816 1061 1885 τούτων·

57 1909 96 1986 εὖ
112 1912 188 1984 οἶδα
202 1912 254 1983 ὅτι
263 1922 392 1982 Λυσίου
410 1911 511 1997 λόγου
522 1909 657 1979 ἀκούων
667 1914 790 1991 ἐκεῖνος
801 1910 843 1980 οὐ
857 1913 964 1999 μόνον
976 1913 1062 1994 ἀπαξ

59 2011 219 2101 ἤκουσεν,
242 2008 324 2079 ἀλλά
342 2009 498 2089 πολλάκις
509 2008 794 2096 ἐπαναλαμβάνειν
804 2011 954 2080 ἐκέλευέν
965 2015 1000 2080 οί
1008 2014 1064 2080 λέ-

57 2137 142 2198 γειυ·
165 2107 181 2177 ὁ
208 2109 243 2179 δέ
265 2111 415 2178 ἐπείθετο
436 2106 628 2193 προθύμως.
667 2113 714 2196 τῷ
735 2107 771 2175 δὲ
792 2104 870 2176 οὐδὲ
893 2116 996 2177 ταῦτα
1017 2102 1061 2197 ἦν
1080 2121 1099 2170 Β

55 2209 171 2295 ίκανά,
195 2205 280 2277 ἀλλά
297 2214 460 2276 τελευταῖν
471 2203 676 2291 παραλαβών
686 2202 723 2273 τό
735 2212 865 2294 βιβλίον
885 2203 907 2275 ἀ
923 2208 1063 2294 μάλιστα

58 2307 215 2393 ἐπεθύμει
225 2304 416 2391 ἐπεσκόπει,
439 2305 494 2372 καὶ
503 2309 602 2370 τοῦτο
613 2307 720 2388 δρῶν,
743 2306 776 2382 ἐξ
788 2305 936 2372 ἑωθινοῦ
953 2308 1064 2392 καθή-

54 2427 170 2490 μενος,
191 2401 341 2472 ἀπειπών
353 2409 399 2482 είς
410 2407 591 2489 περίπατον
601 2399 667 2489 ᾔει,
685 2397 876 2485 ὡςμένέγώ
889 2399 997 2487 οἶμαι,
1020 2403 1060 2489 νὴ

57 2502 118 2569 τόν
134 2501 239 2587 κύνα,
261 2500 511 2587 ἐξεπιστάμενος
525 2497 585 2568 τόν
602 2498 720 2584 λόγον,
743 2502 772 2567 εί
788 2495 831 2585 μὴ
850 2498 940 2565 πάνυ
960 2527 1009 2579 τις
1019 2493 1062 2587 ἦν

55 2597 191 2688 μακρός.
212 2600 386 2685 ἐπορεύετο
399 2597 429 2666 θ’
444 2596 535 2678 ἐκτός
546 2603 672 2683 τείχους
678 2601 753 2681 ,ἵνα
764 2596 919 2687 μελετῴη.
953 2596 1061 2666 ἀπαν-

55 2698 158 2784 τήσας
169 2700 205 2767 δέ
219 2705 266 2788 τῷ
278 2704 435 2765 νοσοῦντι
445 2698 520 2783 περὶ
531 2696 641 2781 λόγων
653 2694 773 2782 ἀκοήν,
787 2692 870 2763 ίδάν
880 2695 941 2783 μὲν
957 2697 1061 2782 [ίδάν]

54 2792 162 2881 ἥσθη,
182 2793 232 2863 ὅτι
243 2797 309 2875 ἕξοι
319 2793 379 2863 τὸν
390 2800 742 2880 σνγκορνβαντιοῐντα,
754 2794 810 2862 καὶ
822 2795 981 2880 προάγειν
992 2797 1063 2862 ἐκέ-

54 2900 146 2960 λευε·
169 2896 329 2979 δεομένου
349 2890 384 2961 ’δὲ
395 2894 503 2977 λέγειν
514 2896 575 2958 τοῦ
585 2899 654 2958 τῶν
665 2890 774 2977 λόγων
785 2894 942 2977 ἐραστοῦ,
960 2890 1100 2976 ἐθρό-0

54 3012 152 3058 πτετο
170 2986 215 3070 οὖς
233 2990 273 3077 δὴ
291 2991 353 3061 οὐκ
370 2994 547 3078 ἐπιθυμῶν
564 2994 688 3075 λέγειν·
711 2998 874 3060 τελευτῶν
890 2991 926 3059 δέ
938 2996 1060 3074 ἔμελλε,

53 3087 108 3155 καλ
128 3090 160 3153 εί
179 3083 225 3171 μή
246 3111 294 3165 τις
318 3085 548 3174 ἐκώνάκοάοι,
571 3095 628 3176 βίῳ
645 3092 742 3172 ἐρεῖν.
776 3081 910 3174 σύοόν,
933 3080 1062 3156 οἷΦαῖ-
1102 3174 1105 3179 Ι
1150 3114 1153 3119 ·

54 3191 129 3268 δρε,
145 3179 251 3251 αὐτοῦ
268 3185 421 3272 δεήθητι,
440 3183 521 3272 ὅπερ
530 3187 612 3270 τάχα
621 3186 753 3265 πάντας
761 3186 908 3273 ποιησει,
923 3193 988 3252 νῦν
997 3182 1061 3271 ἤδη
1070 3128 1156 3552 l

53 3298 169 3354 ποιεέν.

138 3389 230 3453 ‘ML
260 3380 347 3468 Ἐμολ
366 3381 410 3462 ὡς
421 3379 555 3470 ἀληθῶς
566 3383 653 3450 πολὺ
664 3380 842 3469 κράτιστόν
855 3383 945 3450 ἐστιν
955 3378 1087 3475 οὕτως.-
