2408 3780
149 159 211 223 εει
419 158 424 169 ’
462 126 465 131 ’
515 159 799 219 ΠΛΑνααοε

109 326 130 375 Β
150 327 220 388 σοῖν
232 327 371 405 τεχνῶν·
385 317 491 386 πάντα
502 314 567 403 γάρ
578 312 640 401 ὑφ’
653 313 736 401 αὑτῇ
751 321 856 384 δοῦλα
867 314 905 384 δι’
920 316 1066 385 ἑκόντων
1080 313 1154 384 ἀλλ’

149 417 191 486 οὐ
208 418 262 486 διὰ
279 425 354 506 βίας
371 427 515 499 ποιοῖτο,
537 418 592 481 καὶ
615 422 730 501 μακρῷ
754 410 868 500 ἀρίστη
887 421 1004 482 πασῶν
1021 423 1072 501 είη
1089 419 1157 480 τοῖν

148 525 286 602 τεχνῶν·
311 523 377 584 νῦν
399 513 430 581 δ’
456 511 535 580 οὔτε
556 513 609 580 σοὶ
625 509 702 579 οὔτε
720 509 760 598 δή
778 515 893 602 ἐκείνῳ
911 507 1097 598 βουλοίμην
1113 505 1158 577 ἀν

149 604 456 682 ἐναντίατίθεσθαι.

232 719 307 780 Σίδ.
342 707 390 777 Τά
409 708 495 777 ὅπλα
513 735 569 795 μοι
587 713 693 788 δοκεῖς
708 710 887 797 βουληθεὶς
904 714 1009 776 εἰπεῖν
1019 714 1156 794 αἰσχυν-

147 813 219 889 θεὶς
230 808 411 877 ἀπολιπεῖν.

232 913 336 974 ΠΡΩ.
363 906 470 973 Ἔστω
482 913 547 973 νῦν
558 913 661 972 ταῦτα
672 906 791 993 ταύτη,
805 904 871 993 ὅπη
882 923 935 972 σοι
946 909 1044 973 δοκεῖ.

232 1012 305 1073 Σίδ.
345 997 413 1089 Ἆρ’
439 995 502 1070 οὖν
524 1012 627 1082 αίτιος
653 1001 717 1088 ἐγώ
741 1011 802 1071 τοῦ
826 1001 870 1090 μή
898 1010 1006 1084 καλῶς
1028 1001 1151 1073 ὑπολα-

148 1114 285 1193 βείνσε;

232 1206 334 1267 Hm.
372 1197 417 1268 Τό
430 1212 542 1279 ποῖονς

233 1303 308 1365 Σίδ.
343 1295 431 1381 Οὐκ,
454 1290 482 1364 τά
493 1304 566 1382 φίλε
577 1295 776 1384 Πριάταρχε,
798 1306 896 1365 τοῦτο
908 1302 1010 1385 ἐγωγε
1020 1298 1159 1385 ἐζήτουν

114 1415 132 1465 c
151 1424 219 1481 πω,
237 1404 284 1475 τίς
301 1400 395 1482 τέχνη
413 1391 495 1481 ήτίς
505 1397 663 1481 ἐπιστήμη
677 1404 793 1462 πασοῐν
805 1399 953 1482 διαφέρει
964 1403 1011 1485 τῷ
1020 1402 1156 1484 μεγίστη

150 1499 204 1564 καὶ
223 1494 338 1581 ἀρίστη
351 1498 406 1563 καὶ
418 1503 552 1562 πλείστα
564 1491 741 1579 ὠφελοῦσα
751 1491 852 1581 ἡμᾶς,
875 1491 958 1561 ἀλλά
969 1500 1017 1572 τίς
1028 1519 1107 1562 ποτε
1118 1494 1155 1563 τὸ

150 1595 251 1680 σαφὲς
262 1596 317 1661 καὶ
327 1591 479 1678 τάκριβὲς
495 1592 549 1659 καὶ
567 1590 603 1659 τὸ
617 1589 842 1678 ἀληθέστατον
854 1596 1038 1680 ἐπισκοπεῖ,
1050 1590 1115 1660 κάν
1127 1599 1158 1662 εί

150 1690 270 1779 σμικρά
290 1693 344 1758 καὶ
362 1687 483 1776 σμικρά
496 1686 650 1777 ὀνινάσα,
668 1689 759 1759 τοῦτ’
774 1696 864 1758 ἐστιν
875 1687 895 1756 δ
905 1698 970 1758 νῦν
982 1691 1022 1776 δή
1040 1695 1156 1777 ζητοῦ-

149 1818 218 1878 μεν.
242 1787 316 1857 ἀλλ’
331 1788 409 1873 ὅροι·
431 1786 511 1856 οὐδὲ
522 1787 586 1873 γάρ
599 1787 779 1873 ἀπεχθήσει
789 1794 932 1875 Γοργίᾳ,
944 1795 984 1875 τῇ
998 1791 1059 1874 μὲν
1072 1792 1157 1856 ἐκεί-

151 1914 214 1957 νου
232 1885 393 1973 ὑπάρχειν
410 1889 506 1973 τέχνη
524 1885 637 1965 διδοὺς
654 1884 738 1969 πρὸς
754 1894 867 1972 χρείαν
884 1901 951 1965 τοίς
962 1887 1156 1971 ἀνθρώποις

150 2001 298 2074 κρατεῖν,
323 1979 392 2073 ᾖδ’
410 1983 505 2053 είπον
522 1982 585 2068 ἐγά
598 1991 663 2051 νῦν
680 1992 901 2072 πραγματείᾳ,
924 1985 1077 2072 καθάπερ
1093 1991 1155 2052 τοῦ

150 2093 273 2153 λευκοῦ
286 2088 361 2167 πέρι
372 2084 444 2151 τότε
455 2087 579 2166 ἔλεγον,
592 2075 656 2148 κάν
668 2088 698 2150 εί
706 2084 863 2168 σμικρόν,
881 2082 1034 2170 καθαρὸν
1046 2083 1082 2150 δὲ
1093 2092 1154 2168 είη,

112 2202 133 2250 D
151 2189 211 2250 τοῦ
223 2188 348 2248 πολλοῦ
361 2178 471 2266 καὶμὴ
489 2181 643 2247 τοιούτου
656 2184 825 2266 διαφέρειν
836 2181 943 2269 τούτῳ
960 2179 993 2268 γ’
1007 2182 1096 2271 αὐτῷ
1108 2185 1156 2271 τῷ

149 2277 380 2369 ἀληθεστάτην,
403 2281 458 2345 καί
475 2285 540 2345 νῦν
557 2277 596 2364 δή
617 2279 747 2363 σφόδρα
766 2281 1000 2365 διανοηθέντες
1017 2280 1071 2348 καὶ
1083 2283 1156 2346 ίκα-

149 2387 214 2458 ναῖς
226 2377 509 2464 διαλογισάμενοι,
527 2374 602 2463 μήτ’
624 2384 671 2456 είς
687 2403 780 2457 τινας
792 2375 952 2463 ἀφελείας
969 2383 1156 2465 ἐπιστημῶν

148 2482 327 2562 βλέψαντες
345 2475 426 2562 μήτε
437 2474 529 2554 τινάς
543 2472 748 2561 εὐδοκιμιάς,
767 2473 840 2543 ἀλλ’
860 2485 894 2544 εί
900 2501 949 2556 τις
958 2478 1088 2562 πέφυκε
1098 2482 1157 2561 τῆς

150 2583 256 2661 ψυχῆς
277 2573 371 2661 ἡμῶν
394 2574 535 2659 δύναμις
556 2577 637 2661 ἐρᾷν
657 2600 692 2642 τε
713 2581 774 2642 τοῦ
795 2571 946 2661 ἀληθοῦς
969 2577 1025 2642 καὶ
1046 2573 1156 2642 πάντα

148 2672 246 2739 ἕνεκα
255 2672 377 2740 τούτου
386 2672 552 2758 πράττειν,
564 2672 690 2758 ταύτην
698 2681 851 2758 εἴπωμεν,
865 2670 1156 2758 διερευνησάμενοι

148 2767 185 2837 τὸ
199 2769 352 2855 καθαρὸν
369 2777 434 2837 νοῦ
450 2795 485 2837 τε
496 2771 551 2838 καὶ
562 2770 773 2857 φρονήσεως,
792 2778 822 2841 εί
832 2772 957 2857 ταύτην
966 2769 1106 2856 μάλιστα
1117 2771 1155 2836 ἐκ

147 2874 216 2934 τῶν
235 2868 374 2936 είκότιον
390 2872 550 2956 ἐκτῆσθαι
567 2882 690 2954 φαῖμεν
706 2866 750 2938 άν
771 2869 793 2958 ἥ
814 2896 889 2939 τινα
905 2871 1019 2951 ἑτέραν
1033 2864 1156 2951 ταύτης

110 2987 130 3039 Ε
148 2970 355 3053 κυριωτέραν
364 2965 444 3054 ήμίν
455 2972 616 3055 ζητητέον,

233 3070 336 3135 Hm.
367 3063 464 3136 Ἀλλά
484 3074 609 3153 σκοπῶ,
621 3069 676 3136 καὶ
686 3067 846 3153 χαλεπόν,
863 3063 970 3152 οἶμαι,
982 3070 1156 3151 συγχωρῆ-

147 3172 205 3233 σαί
218 3192 292 3233 τινα
308 3163 413 3251 ἀλλην
430 3165 612 3253 ἐπιστήμην
626 3161 776 3253 ήτέχνην
786 3173 844 3251 τῆς
855 3161 1013 3252 ἀληθείας
1023 3160 1156 3250 ἀντέχε-

147 3272 228 3330 σθαι
238 3261 541 3352 μάλλονήταάτην.

229 3368 304 3429 Σίδ.
334 3354 402 3446 'Ap'
423 3355 488 3431 οὖν
505 3363 664 3449 ἐννοήσας
680 3359 718 3429 ιδ
730 3361 861 3431 τοιόνδε
878 3358 1040 3447 είρηκαςδ
1053 3366 1157 3448 λέγεις
