2408 3780
60 203 93 259 ιι·
454 194 680 252 mmm
710 267 712 271 ¹
1002 198 1063 258 21³

57 358 160 422 παῖδα
179 350 222 430 ῶς
238 349 300 419 ούκ
316 352 411 441 ἐρρύη·
445 359 502 420 καί
516 376 595 421 ποτε
611 351 715 420 αὐτόν
732 359 834 420 αἰτῶν
846 361 958 422 ἔπειθε
970 357 1060 424 τοῦτ’

56 448 159 535 αύτό,
184 447 227 527 ῶς
252 448 295 534 μη
318 452 434 532 ἐρῶντι
456 447 520 535 πρό
538 459 600 518 τοῦ
616 455 757 533 ἐρῶντος
775 455 842 519 δέοι
862 459 1063 538 χαρίζεσθαι,

56 549 151 633 ἐλεγέ
159 573 193 614 τε
206 538 286 613 ῶδε·

144 652 227 714 ΧΝ.
270 648 353 730 Περὶ
364 645 504 731 παντός,
529 639 641 732 ῶπαί,
663 653 721 733 μία
734 645 817 735 ἀρχη
829 655 1064 735 τοίςμέλλονσι

57 752 167 824 καλῶς
179 744 415 830 βουλεύεσθαι·
440 747 561 812 εἰδέναι
572 750 624 813 δελ
632 749 706 830 περὶ
718 738 761 814 οὗ
772 742 815 814 ἀν
825 740 879 834 ᾖη
893 751 1016 836 βουλή,
1040 746 1062 837 ἢ
1082 765 1101 816 c

58 842 184 922 παντὸς
195 839 397 928 ἁμαρτάνειν
408 839 546 930 ἀνάγκη.
565 841 644 923 τούς
658 844 693 912 δὲ
704 843 848 924 πολλοὺς
858 847 1000 932 λέληθεν
1011 845 1062 914 ὅτι

59 940 123 1011 ούκ
141 950 230 1009 ἰσασι
245 937 307 1025 την
317 936 436 1007 ούσίαυ
447 940 597 1008 ἑκάστου.
630 937 674 1021 ὡς
685 933 748 1010 ούν
762 942 883 1024 εἰδότες
895 941 936 1012 ού
949 950 1063 1030 διομο-

56 1046 235 1125 λογούνται
252 1041 288 1104 ἐν
300 1035 382 1125 ἀρχῇ
393 1045 450 1124 τῆς
462 1039 622 1126 σκέψεως,
645 1039 868 1126 προελθόντες
879 1040 915 1107 δὲ
925 1038 961 1109 τὸ
975 1043 1062 1120 εἰκὸς

54 1137 290 1207 ἀποδιδόασιν·
315 1133 391 1204 ούτε
409 1133 472 1221 γάρ
486 1137 613 1215 ἑαυτοῖς
624 1135 700 1205 οὔτε
711 1137 865 1224 ἀλλήλοις
876 1135 1061 1225 ὁμολογοῦ-

56 1258 120 1305 σιν.
153 1233 217 1322 ἐγῶ
236 1226 299 1302 ούν
316 1234 370 1300 καὶ
387 1231 430 1300 σύ
449 1232 492 1321 μη
510 1234 673 1322 πάθωμεν
689 1231 706 1301 ὃ
724 1232 836 1314 ἀλλοις
852 1237 1060 1323 ἐπιτιμῶμεν,

52 1331 130 1402 ἀλλ’
150 1329 260 1418 ἐπειδὴ
280 1333 331 1399 σοί
348 1331 403 1398 καὶ
419 1333 490 1417 ἐμοί
507 1329 635 1417 ὁλόγος
646 1332 830 1415 πρόκειται,
854 1333 972 1416 ἐρῶντι
983 1331 1004 1420 ἢ
1015 1335 1058 1421 μη

56 1438 185 1517 μᾶλλον
197 1436 243 1508 εἰς
253 1435 367 1516 φιλίαν
379 1434 480 1516 ἰτέον,
504 1433 578 1514 περὶ
590 1436 726 1515 ἔρωτος,
746 1429 863 1498 οἷόντε
875 1435 942 1498 ἔστι
953 1435 1007 1499 καὶ
1017 1429 1060 1516 ἢν

55 1532 121 1613 ἔχει
133 1527 293 1612 δύναμιν,
313 1524 471 1615 ὁμολογίηι
482 1531 618 1614 θέμενοι
629 1527 727 1612 ὅρου,
750 1534 795 1606 εἰς
809 1536 905 1595 τοῦτο
917 1525 1061 1614 ἀποβλέ-
1080 1541 1102 1590 D

57 1648 176 1702 ποντες
187 1628 241 1692 καὶ
252 1621 475 1711 ἀναφέροντες
486 1624 547 1712 την
559 1627 677 1706 σκέψιν
687 1624 877 1710 ποιώμεθα,
894 1633 958 1692 εἰτε
972 1623 1061 1710 ω’φέ-

56 1731 150 1792 λειαυ
162 1732 225 1790 εἰτε
235 1723 366 1810 βλάβην
376 1725 518 1810 παρέχει.
552 1723 674 1808 ὅτιμὲν
685 1714 747 1789 ούν
759 1720 798 1808 δὴ
810 1726 971 1809 ἐπιθυμία
983 1750 1030 1802 τις
1041 1723 1057 1790 ὁ

57 1827 155 1907 ἔρως,
180 1818 301 1888 ἅπαντι
323 1826 441 1910 δῆλον·
465 1822 516 1891 ότι
536 1821 569 1890 δ’
592 1815 636 1890 αὖ
652 1824 707 1891 καὶ
722 1822 766 1909 μὴ
784 1826 922 1906 ἐρῶντες
941 1824 1061 1890 ἐπιθυ-

56 1924 158 2005 μοῦσι
174 1927 242 1984 τῶν
260 1925 389 2000 καλῶν,
413 1930 517 2006 ἰσμευ.
548 1930 594 2011 τῷ
614 1919 653 2007 δη
673 1918 733 1990 τόν
749 1922 875 2008 ἐρῶντά
891 1947 926 1989 τε
942 1924 998 1989 καὶ
1015 1922 1058 2006 μὴ

57 2024 254 2103 κρινοῦμεν;
277 2023 330 2086 δεῖ
344 2011 389 2085 αὖ
399 2027 528 2106 νοῆσαι,
540 2017 590 2087 ὅτι
608 2017 703 2105 ἡμῶν
722 2022 759 2088 ἐν
776 2020 899 2107 ἑκάστῳ
917 2017 979 2085 δύο
992 2020 1062 2085 τινέ

54 2118 152 2186 ἐστον
166 2119 235 2185 ἰδέα
246 2115 383 2203 ἄρχοντε
394 2120 448 2186 καί
460 2116 595 2203 ἀγοντε,
612 2114 664 2186 οἷν
675 2119 823 2204 ἑπόμεθα
835 2110 858 2207 ᾗ
868 2113 912 2184 ἀν
924 2116 1058 2203 ἀγητον,

57 2210 77 2300 ἡ
88 2214 151 2299 μὲν
163 2219 307 2301 ἔμφυτος
317 2208 401 2283 ούσα
413 2219 573 2303 ἐπιθυμία
584 2214 732 2303 ἡδονῶν,
747 2215 827 2302 ἀλλη
843 2217 878 2283 δέ
890 2211 1060 2301 ἐπίκτητος

59 2313 154 2400 δόξα,
178 2317 330 2400 ἐφιεμένη
348 2320 408 2380 τοῦ
426 2311 572 2398 ἀρίστου.
602 2314 709 2381 τούτω
728 2314 763 2382 δέ
780 2312 905 2399 ένὴμῖν
916 2312 987 2379 τοτὲ
999 2313 1060 2395 μὲν
1080 2329 1098 2377 Ε

55 2424 259 2496 ομουοείτον,
271 2417 339 2479 ἐστι
351 2411 386 2478 δὲ
398 2409 451 2480 ὅτε
463 2410 687 2490 στασιάζετου·
704 2415 760 2478 καί
770 2411 842 2478 τοτὲ
852 2410 914 2497 μὲν
924 2407 944 2495 ἡ
956 2411 1058 2494 ἑτέρα,

53 2505 174 2575 ἀλλοτε
192 2513 227 2576 δὲ
244 2506 264 2597 ἡ
284 2511 376 2594 ἑτέρα
393 2522 514 2595 κρατεῖ.
547 2507 642 2595 δόξης
659 2508 720 2595 μὲν
737 2501 800 2577 ούυ
812 2511 864 2577 ε’πί
876 2508 912 2576 τό
924 2506 1060 2592 ἀριστων

55 2607 145 2697 λόγῳ
163 2606 307 2696 ἀγούσης
323 2613 377 2678 καὶ
389 2609 574 2696 κρατούσης
585 2616 631 2698 τῶ
642 2609 754 2695 κράτει
766 2608 968 2694 σωφροσύνη
982 2606 1060 2675 ὅνο-

55 2733 116 2793 μα·
138 2709 316 2794 ἐπιθυμίας
334 2707 369 2775 δὲ
387 2706 514 2793 ἀλόγως
526 2707 685 2793 ἑλκούσης
696 2709 749 2776 ἐπὶ
760 2703 882 2793 ἡδονάς
893 2708 948 2774 καί
959 2703 1061 2792 ἀρξά-
1077 2724 1130 2779 238

56 2825 117 2896 σης
135 2810 171 2873 έν
181 2803 260 2891 ἡμῖν
270 2813 311 2892 τῇ
322 2803 406 2893 ἀρχῇ
416 2803 512 2894 ύβρις
522 2807 757 2893 ἐπωνομάσθη.
789 2804 885 2893 ὕβρις
897 2803 932 2873 δὲ
946 2800 986 2890 δη
998 2828 1061 2870 πο-

53 2903 251 2989 λυώνυμον·
279 2905 459 2990 πολυμελὲς
481 2905 545 2991 γάρ
567 2908 622 2974 καὶ
643 2908 828 2984 πολυειδές·
856 2906 911 2972 καὶ
931 2901 1060 2970 τούτων

54 3010 123 3072 τῶν
134 3007 234 3072 ἰδεῶν
244 3001 409 3090 έκπρεπης
419 3000 440 3089 ἢ
452 2999 495 3071 ἀν
506 3002 586 3092 τύχη
598 3007 774 3091 γενομένη,
787 3000 849 3089 τὴν
861 2999 962 3088 αὑτῆς
972 3002 1060 3068 ἐπω-

55 3108 180 3187 νυμίαν
199 3098 445 3187 ὀνομαζόμενον
463 3101 524 3169 τόν
541 3109 657 3188 έχοντα
675 3106 864 3187 παρέχεται,
887 3096 965 3167 ούτε
984 3097 1058 3166 τινά
1113 3110 1115 3115 ’
1148 3168 1152 3172 ,
1172 3117 1175 3123 ·

54 3197 163 3286 καλὴν
186 3197 264 3266 οὔτε
285 3202 420 3280 ἐπαξίαν
441 3208 632 3287 κεκτῆσθαι.
667 3201 741 3281 περὶ
763 3200 824 3285 μὲν
845 3197 909 3286 γάρ
932 3193 1059 3281 έδωδηυ

52 3304 224 3384 κρατοῦσα
241 3297 422 3384 τοῦλόγου
440 3307 501 3366 τοῦ
517 3296 656 3384 ἀρίστου
672 3298 727 3366 καί
738 3305 806 3365 τῶν
817 3295 928 3365 ἀλλων
939 3297 1060 3364 ἐπωθο-
1150 3331 1153 3334 -
1177 3332 1184 3379 ;

50 3401 141 3480 μνῶν
157 3399 316 3482 ἐπιθυμία
333 3402 571 3484 γαστριμαργία
587 3421 622 3464 τε
642 3398 697 3464 καὶ
716 3392 777 3464 τόν
800 3400 918 3483 έηουτα
936 3391 1062 3461 ταάτδυ
1080 3411 1108 3456 *ε
1162 3414 1184 3461 ‚1
