2408 3780
159 109 223 174 354
540 112 729 170 ΙΠΠΑΡΧ
739 112 806 170 ΟΣ.
1134 121 1169 175 84

244 278 313 341 ΕΤ.
347 278 424 339 Ναί.

249 377 323 438 ΣΩ
354 367 435 439 Ἀλλ’
448 367 735 491 ἅνθρωπόςνε,ο
718 367 823 456 οἶμαι,
844 367 1017 457 οὐδέτερος
1033 368 1169 438 οὐδετέ-

164 494 227 552 ρου
246 465 323 536 οὔτε
340 476 468 555 μᾶλλον
485 465 561 535 οὔτε
578 457 679 553 ἧττόν
692 468 796 553 ἐστιν,
823 466 900 536 οὔτε
918 466 935 536 6
954 466 1093 556 χρηστὸς
1105 477 1167 538 τοῦ

164 575 315 654 πονηροῦ
332 564 411 634 οὔτε
423 562 440 635 ὁ
453 565 597 653 πονηρὸς
608 573 668 635 τοῦ
680 574 833 654 χρηστοῦ

245 674 313 734 ET.
339 662 465 752 Ἀληθῆ
476 667 587 752 λέγεις.

245 761 321 832 ΣΩ.Ι
342 760 479 832 Οὐκοῦν
489 763 640 832 οὕτωκαὶ
648 765 789 852 περὶτοῦ
796 766 933 850 κέρδους
941 765 1164 852 διανοώμεθα,

73 950 76 955 .
162 857 206 941 ὡς
217 865 332 948 κέρδος
342 888 380 949 γε
392 859 512 949 ὁμοίας
523 864 591 931 ἐστὶ
607 860 709 931 καὶτὸ
726 860 877 950 πονηρὸν
888 864 943 932 καὶ
953 861 989 930 τό
1002 864 1163 950 χρηστόν;

245 967 312 1029 ΕΤ.
343 957 493 1048 Ἀνάγκη.

245 1066 319 1127 ΣΩ.
352 1057 462 1128 Οὐδὲν
473 1060 538 1146 α’ίρα
549 1055 920 1147 μᾶλλονκερδαίνειὸτό
933 1058 1075 1146 χρηστὸν
1086 1063 1163 1144 κέρ-

163 1163 219 1235 δος
231 1161 313 1244 ἔχων
325 1151 347 1244 ἢ
358 1156 394 1226 τὸ
407 1159 571 1246 πονηρόν·
591 1157 718 1226 οὔκουν
729 1156 857 1245 μᾶλλόν
867 1183 905 1243 γε
917 1161 1033 1241 κέρδος
1045 1166 1164 1245 φαίνε-

109 1279 128 1330 0
161 1282 213 1322 ται
224 1252 401 1342 οὐδέτερον
412 1255 463 1342 ὅν,
477 1253 520 1336 ὡς
531 1254 769 1346 ὁμολογοῦμεν.

245 1362 313 1423 ΕΤ.
343 1361 421 1423 Ναί.

245 1459 319 1521 ΣΩ.
354 1449 527 1542 Οὐδετέρςσ
543 1449 608 1539 γὰρ
626 1449 738 1520 αὐτοῖν
755 1450 832 1520 οὔτε
843 1449 879 1520 τὸ
892 1459 1019 1539 μᾶλλον
1033 1451 1110 1521 οὔτε
1126 1453 1160 1520 τδ

159 1542 260 1637 ἦττον
271 1550 457 1637 πρόσεστιν.

244 1656 311 1717 ΕΤ.
346 1646 472 1734 οὐγὰρ
486 1649 536 1735 ιη’.

244 1753 319 1815 ΣΩ.
353 1754 408 1836 Τῷ
420 1747 460 1833 δὴ
471 1745 610 1836 τοιούτῳ
629 1744 794 1833 πράγματι
810 1754 879 1825 παῖς
889 1744 933 1814 ἄν
943 1772 990 1825 τις
1002 1742 1164 1833 μᾶλλονῆ

160 1838 261 1935 ἦττον
282 1844 396 1915 ὁτιοῦν
417 1840 461 1913 δέν
483 1840 613 1932 ποιοῖῆ
633 1845 768 1933 πάσχοι,
791 1836 818 1935 ᾦ
835 1847 1015 1933 μηδέτερον
1034 1846 1165 1914 τούτων

161 1950 314 2031 προσείη;

250 2051 312 2113 ΕΤ.
342 2041 534 2110 Ἀδύνατον.

244 2147 317 2210 ΣΩ.
349 2137 474 2228 Ἐπειδὴ
483 2144 703 2228 τοίνυνκέρδη
715 2139 776 2228 μέν
785 2137 907 2228 ὁμοίως
917 2143 1005 2209 ἐστὶν
1016 2139 1164 2228 ἀμφότε-

161 2266 202 2323 ρα
213 2243 268 2308 καὶ
279 2240 457 2326 κερδαλέα,
475 2241 566 2307 τουτὶ
577 2235 617 2325 δὴ
629 2242 682 2306 δεῖ
694 2236 781 2326 ἡμᾶς
792 2243 1049 2324 ἐπισκέψασθαι,
1068 2239 1167 2309 διὰτί

162 2363 241 2407 ποτε
252 2337 422 2426 ἀμφότερα
433 2335 516 2406 αὐτοὶ
528 2341 646 2424 κέρδος
656 2347 780 2424 καλεῖς,
793 2345 826 2408 τί
834 2336 955 2408 ταύτὸν
966 2341 1004 2406 έν
1015 2336 1162 2425 ἀμφοτέ-

108 2460 128 2508 Ε
162 2435 350 2523 ροιςὸρών;
371 2435 482 2523 ὥσπερ
494 2435 537 2504 δν
548 2442 579 2504 εί
588 2432 630 2522 [6]
643 2437 686 2503 ου’
698 2462 739 2523 με
749 2433 879 2525 ἠροέτας
889 2435 929 2506 ταὶ
946 2445 1011 2505 νῦν
1027 2436 1086 2524 δή,
1111 2437 1162 2506 διὰ

160 2541 195 2603 τί
208 2559 286 2602 ποτε
302 2536 356 2602 καὶ
374 2531 411 2601 τό
423 2531 557 2619 ἀγαθὸν
569 2538 675 2602 σιτίον
685 2537 740 2603 καὶ
756 2533 793 2603 τδ
804 2533 913 2603 κακὸν
923 2541 1028 2603 σιτίον
1040 2531 1162 2622 ὁμοίως

161 2628 333 2719 ἀμφότερα
344 2637 430 2700 σιτία
442 2627 587 2717 καλῶ,
557 2654 650 2700 ειπον
661 2628 704 2699 ν’ίν
715 2652 784 2717 σοι,
803 2629 917 2702 διότι’
897 2630 1070 2751 κμφότερα
1081 2629 1162 2719 ξηρὰ
1196 2634 1199 2641 '

160 2726 267 2815 τροφὴ
280 2727 432 2815 σοι’ματός
447 2732 516 2797 ἐστι
522 2779 531 2813 ,
554 2724 606 2797 δια
626 2738 724 2799 τοῦτο
739 2735 858 2818 ἔγωγε
881 2738 979 2799 τοῦτο
995 2727 1062 2815 γὰρ
1078 2729 1162 2799 εἶναι

84 2902 88 2909 ,
159 2817 320 2894 σιτίσν”
277 2852 343 2893 καν
354 2824 396 2892 σύ
409 2848 476 2893 πον
487 2823 567 2912 ἡμῖν
578 2824 759 2914 ὁμολογοῖς.
783 2854 803 2913 η
815 2852 897 2913 γαρ,

242 2932 309 2993 ΕΤ.
333 2919 467 3009 Έααιγε.

244 3028 319 3091 ΣΩ.
352 3025 417 3093 Καὶ
431 3023 506 3107 περὶ
517 3030 621 3091 ποτοῦ
640 3017 704 3092 οὖν
715 3021 733 3093 6
745 3021 846 3104 αὐτὸς
857 3019 900 3092 ολν
910 3022 1031 3144 τρόπος
1043 3034 1095 3112 εἴη
1107 3032 1164 3114 τῆς

159 3119 373 3206 ἀποκρίσεως,
386 3119 437 3190 ὅτι
446 3129 487 3209 τῇ
497 3128 557 3190 τοῦ
569 3121 719 3244 σώματος
729 3120 818 3213 ὑγρᾷ
829 3128 948 3210 τροφῇ,
966 3122 1072 3193 ἐάντε
1085 3150 1164 3213 χρη·
1202 3181 1204 3218 ,

75 3237 136 3291 231
153 3239 218 3305 στα
208 3218 292 3288 έιίν
301 3246 335 3289 τε
348 3221 477 3306 πονηρὰ
490 3247 522 3310 ρ,
530 3247 628 3290 τουτο
641 3219 676 3290 τό
690 3220 886 3310 ὅνομέέστι,
895 3221 1016 3291 ποτόν·
1029 3224 1172 3303 καὶτοῖς

133 3312 256 3396 νίλλοις
269 3316 446 3403 ον’σαύτιις.
467 3326 572 3411 πειρῶ
591 3311 723 3390 οὖνκαὶ
741 3319 784 3389 σδ
802 3322 857 3409 ἐμὲ
873 3328 1047 3408 μιμεῖσθαι
1058 3321 1163 3403 οὕτως
