2408 3780
66 139 118 192 123
457 126 687 186 ΦΑΙΔΡΟΣ
875 77 879 85 ¹
1013 119 1074 185 261

65 288 284 376 ἐφηψάμεθα,
313 291 407 356 δοκεῖ
431 287 468 355 δὲ
495 293 593 353 τοῦτο
620 282 777 370 πάμμεγα
804 281 888 351 εἶναι
908 297 976 363 τοῖς
1000 286 1074 366 περὶ

65 412 177 455 ταντα.

151 491 227 553 Σίδ.
266 481 364 552 Ἀλλά
384 478 452 568 μήν
473 479 533 549 τόν
558 507 596 567 γε
621 485 737 548 Τισίαν
759 475 863 546 αὐτόν
885 476 1074 571 πεπάτηκας

64 581 226 668 άκριβοός·
239 587 354 649 εἰπέτω
363 582 543 647 τοίνυνκαὶ
552 577 629 646 τόδε
639 574 746 666 ήμῖνό
760 583 882 662 Τισίας,
896 577 942 663 μή
953 602 984 643 τι
992 573 1073 643 άλλο

65 685 152 767 λέγει
162 678 199 748 τό
212 677 298 757 είκός
308 673 330 765 ή
340 674 377 745 τό
390 685 437 766 τῷ
446 676 569 764 πλήθει
580 679 714 744 δοκοῦν.

150 784 240 846 ΦΑΙ.
277 783 318 843 Τί
325 774 389 859 γάρ
400 773 497 853 ἄλλος

151 883 226 944 ΣΩ.
263 882 370 942 Τοῦτο
384 874 436 961 δή,
449 871 493 953 άς
504 878 606 960 ἔοικε,
631 872 741 961 σοφόν
754 871 866 959 εόροδν
875 874 942 962 άμα
952 877 1008 944 καί
1019 901 1074 944 τε·

66 975 182 1060 χνικόν
193 979 348 1057 ἔγραψεν,
361 967 405 1049 άς
414 971 474 1039 ἐάν
484 998 532 1051 τις
542 969 688 1060 άσθενής
700 974 755 1042 καί
767 969 925 1059 ἀνδρικὸς
935 971 1074 1059 ἰσχυρόν

66 1075 122 1140 καί
134 1068 245 1139 δειλὸν
256 1071 442 1156 συγκόψας,
463 1070 595 1156 ίμάτιον
609 1069 634 1157 ή
649 1096 680 1138 τι
690 1069 772 1139 άλλο
783 1069 1005 1157 ἀφελόμενος,
1028 1068 1092 1150 είς

67 1169 281 1255 δικαστήριον
300 1167 435 1255 άγηται,
457 1173 510 1237 δεῖ
527 1167 568 1255 δή
589 1165 731 1254 τάληθὲς
751 1170 933 1255 μηδέτερον
953 1172 1072 1253 λέγειν,

67 1264 150 1335 άλλά
166 1264 226 1333 τόν
243 1267 304 1351 μὲν
321 1265 433 1334 δειλόν
447 1264 491 1354 μή
507 1263 572 1335 ὑπό
591 1267 699 1354 μόνον
715 1267 822 1354 φάναι
836 1275 899 1334 τοῦ
909 1265 1073 1351 ἀνδρικοῦ

67 1362 313 1449 συγκεκόφθαι,
335 1362 396 1432 τόν
413 1367 450 1432 δὲ
459 1373 558 1434 τοῦτο
570 1364 630 1452 μὲν
641 1369 783 1452 ἐλέγχειν
795 1362 839 1444 ὦς
849 1366 943 1451 μόνοι
954 1363 1071 1451 ἤστην,

66 1467 180 1551 ἐκείνῳ
209 1461 245 1529 δὲ
273 1462 547 1549 καταχρήσασθαι
572 1471 620 1552 τῷ
647 1472 718 1543 παῖς
738 1462 771 1529 δ’
792 1457 836 1529 άν
859 1462 921 1547 ἐγώ
943 1461 1072 1530 τοιόσδε
1091 1483 1110 1535 c

68 1565 183 1650 τοιῷδε
199 1563 406 1646 ἐπεχείρησας
428 1557 445 1628 ὁ
469 1560 501 1628 δ’
521 1559 583 1629 οάκ
601 1564 670 1647 ἐρεῖ
684 1558 724 1647 δή
741 1561 804 1646 τήν
818 1563 939 1628 ἑαυτοῦ
953 1559 1072 1646 κάκην,

67 1657 152 1726 άλλά
168 1683 199 1731 τι
220 1655 301 1725 άλλο
319 1658 504 1737 ψεύδεσθαι
524 1662 694 1745 ἐπιχειρῶν
711 1655 783 1743 τάχ’
808 1653 850 1726 άν
872 1656 1007 1742 ἐλεγχόν
1028 1681 1073 1744 πη

67 1760 230 1840 παραδοίη
251 1762 296 1840 τῷ
319 1752 484 1844 άντιδίκῳ.
508 1757 563 1823 καί
579 1757 654 1843 περὶ
670 1748 774 1824 τάλλα
795 1753 833 1840 δή
858 1751 984 1822 τοιαῦτ’
1000 1750 1069 1820 ἄττ’

69 1855 135 1920 ἐστὶ
146 1848 186 1918 τά
198 1855 293 1939 τέχνη
304 1850 477 1939 λεγόμενα.
490 1851 531 1920 οά
542 1852 622 1939 γάρ,
636 1845 663 1919 τό
674 1857 815 1937 Φαῖδρε;

152 1957 242 2016 ΦΑΙ.
270 1954 311 2016 Τί
320 1949 402 2036 μήν;

151 2052 226 2115 ΣΩ.
257 2053 345 2132 Φεῦ,
358 2043 1075 2137 δεινῶςγ’ἕοικενάποκεκρυμμένηντέχνην

67 2140 251 2227 άνευρεῖνὸ
272 2150 384 2223 Τισίας
399 2140 421 2231 ή
438 2143 537 2224 άλλος
548 2143 637 2224 ὅστις
651 2145 693 2232 δή
703 2142 778 2213 ποτ’
793 2141 841 2214 τόν
850 2147 1005 2233 τυγχάνει
1018 2150 1073 2216 καὶ

67 2240 197 2310 ὁπόθεν
207 2248 312 2327 χαίρει
323 2238 571 2328 ὀνομαζόμενος.
585 2241 679 2331 άτάρ,
693 2236 721 2312 ά
732 2246 849 2332 ἑταῖρε,
861 2246 968 2335 τούτῳ
980 2245 1073 2332 ήμεῖς

67 2341 210 2424 πότερον
221 2341 368 2426 λέγοιμεν
378 2336 401 2426 ή
412 2338 456 2427 μή
472 2381 510 2392 -
1090 2368 1112 2418 ι)

154 2445 244 2505 ΦΑΙ.
283 2435 326 2505 Τό
339 2452 454 2518 ποίους
796 2432 798 2437 ’

151 2541 258 2603 LVIII.
301 2542 376 2604 Σίλ.
400 2533 482 2622 Ὅτι,
494 2529 521 2604 τό
534 2543 645 2622 Τισία,
656 2535 758 2603 πάλαι
767 2533 868 2623 ἡμεῖς,
880 2539 960 2620 πρὶν
972 2538 1026 2605 καί
1039 2537 1075 2606 σὲ

67 2641 266 2718 παρελθεῖν,
289 2634 496 2719 τυγχάνομεν
507 2636 674 2720 λέγοντες,
692 2630 736 2713 άς
751 2634 816 2720 άρα
826 2641 925 2702 τοῦτο
936 2632 973 2703 τό
988 2631 1076 2714 είκός

67 2744 136 2811 τοῖς
153 2739 285 2810 πολλοῖς
301 2729 344 2798 δι’
366 2729 543 2819 ὁμοιότητα
560 2741 620 2800 τοῦ
640 2729 790 2817 άληθοῦς
809 2734 965 2819 τυγχάνει
986 2736 1075 2819 ἐγγι-

69 2828 249 2915 γυόμενον*
271 2828 330 2909 τάς
348 2830 383 2898 δὲ
400 2826 594 2917 ὁμοιότητας
604 2830 678 2915 άρτι
690 2829 874 2918 διήλθομεν
885 2829 937 2898 ότι
947 2855 1074 2898 παντα-

68 2925 161 3012 χοῦό
178 2924 240 3014 τήν
257 2925 420 3015 άλήθειαν
438 2926 533 3009 είδιδς
549 2929 706 2998 κάλλιστα
718 2930 885 2996 ἐπίσταται
896 2926 1071 3014 εὑρίσκειν.

69 3023 149 3092 ὥστ’
170 3032 200 3094 εί
208 3025 270 3113 μὲν
281 3025 361 3095 άλλο
374 3054 405 3094 τι
415 3029 490 3112 περὶ
506 3033 619 3114 τέχνης
628 3025 737 3113 λόγιον
752 3029 872 3110 λέγεις,
894 3022 1074 3112 άκοάοιμεν

70 3121 127 3190 άν·
141 3129 171 3191 εί
180 3123 215 3191 δέ
225 3124 286 3210 μή,
298 3119 347 3203 οἷς
359 3133 425 3193 νῦν
437 3124 619 3212 διήλθομεν
630 3123 832 3209 πεισόμεθα,
845 3119 889 3201 ὡς
900 3121 959 3190 ἐάν
968 3122 1014 3208 μή
1025 3150 1074 3201 τις

68 3229 136 3288 τάν
148 3246 183 3288 τε
195 3219 432 3308 ἀκουσομένων
442 3223 501 3302 τάς
512 3223 630 3309 φάσεις
642 3220 914 3307 διαριθμήσηται,
929 3223 984 3289 καὶ
997 3217 1071 3288 κατ’

69 3323 139 3405 είδη
153 3345 188 3386 τε
206 3324 405 3403 διαιρεῖσθαι
420 3317 461 3387 τά
480 3317 561 3389 όντα
578 3323 633 3390 καὶ
644 3327 703 3412 μιᾷ
720 3323 791 3410 ίδέα
807 3311 1072 3408 δυνατόςήκαθ’
1090 3343 1111 3394 [ς
1174 3322 1177 3329 ’
