2408 3780
150 171 213 233 νοο
282 259 286 265 1
469 255 471 259 ι
509 169 796 230 πΛΑνπαοΣ
1106 180 1158 235 ιω

148 334 255 419 ἑαυτῷ
271 357 306 399 τε
316 327 536 417 ὑπομνήματα
546 327 845 415 θησανριζόμενος,
865 336 911 408 εἰς
920 327 957 396 τό
973 330 1082 417 λη’θης
1093 339 1157 418 γῆ-

147 458 208 516 ρας
219 427 278 498 ἐὰν
288 433 407 515 ἵκηται,
418 429 474 495 καὶ
485 428 583 494 παντὶ
592 435 639 516 τῷ
648 423 771 494 ταύτόν
780 436 870 514 ίχνος
878 428 1033 513 μετιόντι,
1045 429 1157 518 ἡσθη-

148 535 241 596 σεταί
255 553 291 595 τε
313 524 436 605 αύτούς
455 531 598 611 θεωρῶν
618 527 809 612 φυομένους
830 522 993 606 ἁπαλούς·
1016 525 1100 595 όταν
1120 529 1156 598 δὲ

147 625 243 695 ἄλλοι
262 629 406 704 παιδιαῖς
416 623 531 703 ἄλλαις
542 632 701 711 χρῶνται,
724 630 920 711 συμποσίοις
940 651 975 692 τε
998 622 1157 712 όρδοντες

147 721 271 803 αύτούς
288 725 410 808 ἑτέροις
426 749 461 790 τε
477 721 541 790 ὅσα
556 721 685 790 τούτων
701 719 846 809 όδελφύ,
865 719 934 792 τότ’
948 727 1088 812 ἐκεῖνος,
1112 723 1157 806 ὡς

147 829 269 906 ἔοικεν,
281 820 356 891 οἷντὶ
366 821 496 890 τούτων
506 817 554 899 οἷς
564 823 649 905 λέγω
660 825 784 902 παίζων
795 821 904 901 διάξει.

106 943 126 990 ο
233 928 321 988 ΦΑΙ.
356 921 540 1006 Παγκάλου
560 921 665 1004 λέγεις
685 916 773 1005 παρὰ
796 920 931 1006 φαύλην
952 915 1156 1005 παιδιόν,οἷ

147 1021 335 1104 Σώκρατες,
346 1027 407 1085 τού
417 1022 454 1086 ἐν
463 1019 575 1104 λόγοις
588 1021 778 1104 δυναμένου
789 1025 930 1105 παίζειν,
943 1021 1156 1106 δικαιοσύνης

147 1144 182 1185 τε
193 1119 248 1185 καὶ
259 1116 370 1185 ἄλλων
383 1108 432 1184 οἷν
444 1118 548 1202 λέγεις
559 1118 632 1199 πέρι
641 1125 908 1202 μυθολογοῦντα.

231 1221 305 1283 ΣΩ.
326 1213 425 1281 ’Ἔστι
435 1215 509 1301 γάρ,
522 1208 549 1282 τό
561 1221 634 1300 φίλε
643 1219 776 1300 Φαῖδρε,
789 1214 991 1285 οὕτωπολὺ
1003 1214 1042 1302 δ’,
1055 1215 1154 1302 οἶμαι,

150 1324 294 1385 καλλίων
305 1311 434 1399 σπουδὴ
445 1316 520 1398 περὶ
531 1313 615 1382 αύτόι
626 1322 782 1401 γίγνεται,
791 1313 873 1384 όταν
882 1342 930 1394 τις
940 1324 979 1403 τῇ
992 1322 1152 1385 διαλεκτι-

151 1422 192 1501 κῇ
202 1417 298 1502 τέχνη
307 1412 491 1499 χριόμενος,
511 1410 1006 1501 λαβύνψυχὴνπροσηκουσαν,
1024 1414 1154 1502 φυτεύη

151 1539 185 1580 τε
196 1513 250 1580 καὶ
261 1517 377 1598 σπείρη
389 1508 459 1595 μετ’
476 1509 652 1598 ἐπιστήμης
660 1511 792 1598 λόγους,
805 1519 838 1580 οϊ
847 1513 974 1592 ἑαυτοῖς
985 1519 1030 1601 τῷ
1042 1537 1078 1580 τε
1087 1538 1154 1599 φυ-

81 1627 133 1682 277
148 1607 300 1676 τεύσαυτι
320 1613 460 1694 βοηθεῖν
477 1609 583 1675 ίκανοὶ
601 1610 656 1677 καὶ
674 1607 746 1694 ούχὶ
765 1609 909 1691 ἄκαρποι
925 1607 1008 1678 ἄλλα
1027 1615 1154 1697 ἔχοντες

13 1712 15 1719 ’
53 1760 56 1765 »
149 1712 293 1792 σπέρμα,
317 1704 402 1773 ὅθεν
419 1705 513 1774 ἄλλοι
530 1707 567 1773 ἐν
582 1704 693 1784 ἄλλοις
709 1705 809 1792 ἤθεσι
821 1706 986 1793 φυόμενοι
996 1706 1091 1775 τοῦτ’
1103 1705 1152 1777 ἀεὶ

148 1803 320 1873 ιἰθόνατον
337 1809 490 1890 παρέχειν
507 1809 631 1889 ίκανοί,
653 1807 708 1871 καὶ
725 1801 784 1871 τόν
804 1809 919 1889 έχοντα
944 1802 1154 1892 εὐδαιμονεῖν

149 1910 321 1982 ποιοῦντες
332 1908 378 1982 είς
390 1900 472 1969 ὅσον
484 1901 656 1991 ἀνθρώπω
668 1899 813 1970 δυνατόν
824 1904 972 1988 μάλιστα.

235 2008 325 2070 ΦΑΙ.
357 1998 453 2068 Πολύ
466 1996 529 2086 γὰρ
540 1997 630 2067 τοῦτ’
647 2005 694 2068 ἔτι
704 1999 842 2068 κάλλιον
853 2002 967 2086 λέγεις.

232 2107 323 2168 LXII.
367 2104 441 2166 ΣΩ.
476 2106 554 2166 Νύυ
570 2099 609 2184 δη
624 2101 731 2165 ἐκεῖνα
742 2097 822 2184 ἤδη,
846 2091 1023 2185 όΦαῖδρε,
1047 2099 1154 2168 δυνά·

148 2179 238 2285 ηίεθα
248 2205 391 2282 κρίνειν,
402 2195 530 2264 τούτων
543 2192 814 2283 ὡμολογημένων.

233 2303 324 2364 ΦΑΙ.
358 2292 406 2361 Τὰ
418 2308 509 2374 ποῖα;

232 2401 306 2463 Σίδ.
335 2386 395 2462 Ὧν
411 2392 451 2480 δη
471 2397 545 2480 πέρι
560 2397 782 2481 βουληθέντες
799 2397 881 2460 ἰδεῖν
897 2391 1090 2481 ἀφικόμεθα
1107 2401 1155 2475 είς

111 2512 132 2563 Β
150 2496 236 2581 τόδε,
247 2491 337 2572 ὅπως
350 2490 387 2560 τό
400 2499 530 2561 Λυσίου
540 2518 574 2559 τε
586 2491 714 2572 όνειδος
724 2491 935 2578 ἐξετύσαιμεν
944 2499 1002 2578 τῆς
1012 2498 1082 2560 τῶν
1094 2493 1154 2560 λό-

147 2618 218 2677 γων
235 2599 366 2678 γραφῆς
381 2594 473 2680 πέρι,
497 2591 552 2660 καὶ
569 2589 692 2669 αὐτούς
708 2589 787 2669 τούς
803 2588 923 2674 λόγους
940 2595 975 2657 οἳ
989 2590 1154 2678 τέχνῃκαὶ

149 2687 231 2757 ἄνευ
242 2693 355 2776 τέχνης
365 2690 558 2777 γρόφοιντο.
582 2687 619 2756 τό
630 2679 766 2774 μὲνούυ
776 2691 928 2774 ἔντεχνον
939 2688 993 2755 καί
1003 2685 1048 2774 μὴ
1063 2691 1158 2755 δοκεῖ

148 2814 204 2875 μοι
216 2792 423 2874 δεδηλῶσθαι
433 2794 578 2872 μετρίως.

233 2891 324 2952 ΦΑΙ.
348 2882 466 2964 ’Ἑδοξέ
474 2910 511 2970 γε
523 2883 578 2971 δύ·
591 2885 692 2953 πόλιν
703 2884 739 2952 δὲ
750 2881 948 2971 ὑπόμνησόν
957 2909 997 2970 με
1008 2890 1087 2961 παῖς.

232 2989 306 3051 Σίῖ.
337 2981 425 3068 Πρὶν
446 2979 490 3048 ἄν
512 3006 561 3060 τις
580 2980 618 3047 τό
638 3007 674 3047 τε
694 2979 817 3066 ἀληθὲς
835 2984 983 3051 ἑκάστων
995 2985 1067 3069 εἰδῇ
1079 2986 1154 3067 πέρι

145 3075 196 3150 τόν
212 3085 299 3167 λέγει
313 3077 336 3168 ἦ
351 3080 491 3166 γρύφει,
509 3075 581 3146 κατ’
600 3075 682 3145 αύῖό
697 3103 732 3145 τε
749 3087 817 3147 πᾶν
834 3078 1001 3164 ὁριῒεσθαι
1012 3078 1154 3158 δυνατός

147 3181 297 3266 γένηται,
320 3175 519 3265 ὁρισόμενός
535 3202 570 3243 τε
587 3176 689 3243 πόλιν
704 3174 779 3243 κατ’
792 3182 862 3264 εῖδη
874 3181 967 3265 μέχρι
976 3184 1037 3246 τοῦ
1049 3175 1153 3263 ἀτμή-

144 3301 207 3343 του
217 3279 348 3363 τέμνειν
361 3270 536 3364 έπιοτηθη·
550 3280 628 3361 περί
635 3299 671 3342 τε
681 3282 788 3362 ψυχῆς
798 3275 930 3362 φύσεως
941 3272 1058 3342 διιδύν
1068 3270 1151 3342 κατὰ
