2408 3780
169 178 231 240 212
528 178 743 238 ΠΛΑΤΩΝ
752 180 814 238 ΟΣ
1142 182 1173 239 1⁸4

169 342 269 425 μέλον
285 346 346 407 τοῦ
363 338 532 407 τοιούτου·
555 340 609 405 καὶ
631 341 782 422 ἐφαίνετο
804 337 846 423 (λη’
866 361 923 423 μοι
942 334 1173 403 νεανεόεσθαι

170 438 451 523 ἐπιδεικνύμενος,
465 435 508 515 ὡς
520 431 589 514 οἷός
599 460 634 502 τε
645 429 694 502 ἀν
704 442 807 502 ταῦτα
819 435 935 520 ἑτέρως
946 459 981 501 τε
992 437 1046 502 καί
1058 435 1173 518 ἑτέρως

168 539 275 621 λέγων
286 532 480 622 ἀμφοτέρως
492 539 594 602 εἰπεῖν
605 533 731 617 ἀρίστα.

133 669 153 718 Β
254 655 343 716 ΦΑΙ.
380 645 491 716 Οὐδὲν
506 650 626 733 λέγεις,
650 639 676 714 ὦ
688 648 878 734 Σώκρατες·
901 644 981 714 αὐτὰ
998 645 1062 731 γάρ
1075 655 1172 715 τοῦτο

170 751 225 817 καί
240 750 379 835 μάλιστα
397 743 415 815 ὁ
433 746 531 832 λόγος
544 752 617 832 ἔχει.
647 744 788 832 τῶνγὰρ
799 744 947 814 ἐνόντων
957 742 1054 826 ἀξίως
1065 748 1173 834 ῥηθη-

169 873 225 912 ναι
242 849 279 914 έν
296 853 342 934 τῷ
358 846 525 933 πράγματι
541 841 641 913 οὐδὲν
658 849 915 930 παραλέλοιπεν,
939 841 1021 912 ὥστε
1033 845 1123 928 παρά
1134 843 1172 912 τά

169 946 283 1032 ἐκείνῳ
296 947 449 1030 εἰρημένα
462 948 587 1030 μηδένα
598 941 676 1011 ποτὲ
687 945 854 1011 δύνασθαι
867 948 968 1012 είπείν
979 942 1062 1012 ἀλλα
1073 951 1173 1012 πλείω

168 1044 223 1108 καὶ
234 1048 384 1120 πλείονος
395 1040 477 1123 ἀξια.

253 1160 328 1220 ΣΩ.
364 1161 470 1222 Τοῦτο
487 1156 551 1240 ἐγώ
569 1173 623 1222 σοι
633 1152 742 1223 οόκέτι
752 1149 821 1234 οἷός
830 1180 865 1222 τε
877 1161 992 1241 ἔσομαι
1002 1162 1172 1224 πιθέσθαι,

169 1253 299 1320 παλαιοί
315 1248 381 1338 γὰρ
392 1254 447 1319 καί
458 1253 556 1338 σοφοὶ
568 1251 687 1337 ἀνδρες
696 1279 732 1321 τε
743 1255 797 1322 καὶ
808 1267 963 1339 γυναῖκες
972 1257 1046 1337 περὶ
1063 1249 1172 1323 αὐτῶν

169 1351 334 1438 εἰρηκότες
344 1351 611 1438 καίγεγραφότες
622 1355 826 1437 έξελέγξουσί
834 1378 890 1439 με,
910 1352 970 1419 έάν
981 1373 1034 1419 σοι
1042 1353 1165 1438 χαριζό-

167 1476 266 1536 μενος
278 1457 448 1537 συγχωρῶ.

132 1589 151 1638 c
254 1572 344 1634 ΦΑΙ.
383 1573 476 1645 Τίνες
492 1556 597 1643 νότου
619 1568 673 1633 καί
690 1573 757 1633 ποῦ
767 1563 810 1634 σύ
821 1569 937 1652 βελτίω
948 1563 1080 1632 τούτων
1090 1562 1164 1650 ἀκη·
1186 1620 1190 1627 .

167 1692 262 1745 κοας;

253 1785 303 1845 Xl.
347 1785 422 1846 Σίλ.
456 1784 536 1845 Νῦν
546 1778 607 1864 μέν
618 1777 725 1858 οὕτως
736 1777 797 1848 οὐκ
808 1785 870 1866 ἔχω
882 1785 1000 1848 είπελν·
1022 1783 1126 1865 δῆλον
1138 1777 1172 1846 δὲ

168 1877 219 1946 ὅτι
234 1885 336 1945 τινων
352 1875 495 1964 ἀκήκοα,
517 1875 540 1965 ἤ
559 1903 625 1946 που
635 1887 801 1964 Σαπφοῦς
811 1872 1174 1964 τῆςκαληςῆἈνακρέ·

167 2001 262 2055 ουτος
285 1983 347 2042 τοῦ
372 1983 482 2062 σοφοῦ
498 1971 521 2062 ἢ
539 1979 594 2045 καὶ
615 1978 837 2064 συγγραφέων
856 1983 966 2044 τινων.
1000 1976 1110 2043 πόθεν
1133 1974 1173 2063 δὴ

167 2074 423 2161 τεκμαιρόμενος
433 2078 536 2160 λέγως
559 2081 681 2164 πλῆρές
691 2101 774 2162 πως,
787 2066 987 2159 ἀδαιμόνιε,
999 2074 1175 2160 τὸστῆθος

167 2179 251 2258 έχων
270 2173 473 2258 αἰσθάνομαι
490 2173 579 2258 παρὰ
596 2182 699 2243 ταῦτα
715 2169 759 2240 ἀν
780 2177 866 2258 ἔχειν
886 2175 989 2241 είπείν
1009 2173 1105 2257 ἕτερα
1128 2173 1174 2261 μη

165 2280 272 2359 χείρω.
296 2269 418 2358 ὅτιμὲν
429 2266 493 2341 οὖν
504 2275 641 2360 παράγε
652 2275 797 2361 ἐμαυτοῦ
808 2268 1174 2341 οάόὲναάτοῖνέννενό-

166 2400 240 2460 ηκα,
253 2366 293 2440 εὖ
305 2370 388 2460 οίδα,
402 2373 562 2454 συνειδώς
573 2379 701 2464 ἐμαυτῷ
712 2371 877 2459 ἀμαθίαν·
899 2378 1043 2441 λείπεται
1055 2371 1095 2458 δή
1102 2423 1112 2457 ,
1124 2371 1174 2441 οί-

127 2488 147 2536 1)
166 2499 241 2558 μαι,
264 2476 296 2552 ἐξ
309 2470 491 2557 ἀλλοτρίων
500 2473 607 2542 ποθέν
616 2472 771 2560 ναμάτων
787 2469 840 2537 διὰ
857 2478 915 2556 τῆς
929 2468 1031 2556 ἀκοῆς
1047 2480 1174 2556 πεπλη-

166 2578 301 2653 ρωσθαί
314 2598 354 2658 με
371 2577 467 2657 δίκην
483 2571 633 2659 ἀγγείου·
656 2568 722 2639 ὑπὸ
742 2570 778 2639 δὲ
795 2576 939 2649 νωθείας
958 2563 1002 2637 αὖ
1020 2571 1074 2638 καί
1091 2569 1172 2639 αὐτὸ

166 2676 264 2738 τοῦτο
275 2674 493 2758 ἐπιλέλησμαι,
507 2670 596 2750 ὅπως
605 2697 641 2740 τε
651 2661 762 2739 καλόν
772 2696 873 2738 τινων
882 2668 1019 2757 ἥκουσα.

252 2807 342 2867 ΦΑΙ.
373 2797 472 2885 Ἀλλ’,
496 2793 763 2885 ἀγενναιότατε,
786 2797 1095 2884 κάλλισταείρηκας.
1130 2797 1173 2865 σύ

165 2897 229 2984 γάρ
241 2900 312 2984 ἐμοὶ
326 2891 374 2964 τόν
385 2924 487 2965 τινων
497 2898 558 2983 μὲν
569 2900 624 2965 καὶ
637 2895 726 2974 ὅπως
736 2895 893 2985 ἤκουσας,
904 2896 982 2985 μηδ’
994 2892 1038 2967 ἀν
1048 2899 1173 2967 κελεύω

166 3007 274 3084 εἴπης,
295 3002 393 3064 τοῦτο
412 2996 448 3064 δὲ
459 2993 540 3064 αὐτὸ
553 2993 572 3063 ὃ
583 2999 687 3082 λέγεις
696 3000 853 3081 ποίησον·
873 3004 941 3065 τῶν
953 3000 990 3065 έν
1000 3004 1045 3088 τῷ
1055 3004 1173 3086 βιβλίῳ

163 3100 281 3181 βελτίω
297 3120 332 3161 τε
349 3096 403 3162 καὶ
420 3094 463 3180 μή
481 3095 604 3165 έλάττω
622 3096 717 3178 ἕτερα
740 3092 881 3182 ὑπόσχες
903 3102 1007 3164 εἰπεῖν
1013 3147 1022 3180 ,
1044 3096 1175 3167 τούτων

163 3193 373 3281 ἀπεχόμενος.
406 3200 463 3262 καί
471 3215 523 3261 σοι
536 3195 600 3281 έγοί
608 3246 618 3283 ,
637 3191 747 3280 ὥσπερ
759 3197 794 3261 οί
801 3196 896 3262 ἐννέα
907 3191 1079 3282 ἀρχοντες,
1096 3194 1175 3264 ὑπι-

164 3300 326 3381 σχνοῦμαι
343 3300 471 3381 χρυσῆν
489 3295 601 3362 είκόνα
617 3297 831 3380 ἰσομέτρητον
849 3299 896 3374 είς
911 3293 1071 3380 Δελφοὺς
1089 3293 1172 3362 ἀνα-

56 3428 69 3537 χ
115 3413 145 3458 ε
159 3393 298 3478 θήσειν,
314 3392 357 3461 οὐ
365 3394 476 3480 μόνον
485 3397 631 3483 ἐμαυτοῦ
643 3391 727 3462 ἀλλά
740 3396 792 3462 καλ
805 3392 878 3480 σήν.
