2408 3780
138 179 200 246 184
495 180 781 242 ΠΛΑΤΩΝΟΣ
1107 188 1142 243 46

136 344 272 421 ἐκείνοις
300 337 473 410 ἄθόνοιτον
499 341 593 419 κλέος
618 340 673 406 καὶ
699 339 834 425 μνήμην
856 341 1032 424 παρέχεται
1059 335 1142 407 αύτο

136 446 272 508 τοιαῦτα
283 437 379 508 όντοι·
393 437 467 507 εἰδὲ
478 436 608 524 βούλει,
622 443 702 524 ἔφη,
715 441 806 517 οἴους
815 443 1014 522 Λυκοῦργος
1025 440 1144 516 παῖδας

138 544 327 607 κατελίπετο
351 540 389 605 ἐν
405 540 628 621 Λακεδαίμονι
652 545 801 625 σωτῆρας
822 544 880 625 τῆς
896 541 1144 622 Λακεδαίμονος

136 639 190 706 καὶ
209 634 252 716 ῶς
270 642 347 715 ἔπος
363 641 466 703 εἰπεῖν
482 642 539 720 της
553 631 714 714 Ἑλλάδος.
736 640 842 720 τίμιος
859 632 896 703 δὲ
908 631 982 722 παρ’
996 631 1077 720 ύμῖν
1090 635 1144 703 καί

137 737 257 806 Σόλων
275 734 328 805 διό
345 732 408 821 την
425 740 493 801 τῶν
513 732 626 819 νόμων
641 734 814 820 γέννησιν,
837 734 892 802 κοιλ
908 731 1004 801 ἄλλοι
1022 731 1143 801 ἄλλοθι

103 857 122 906 Ε
141 841 307 920 πολλαχοῦ
319 832 455 920 ἄνδρες,
467 834 523 900 καὶ
534 829 707 917 ἐυἝλληοι
718 834 772 899 κοιλ
782 834 819 901 ἐν
829 832 1024 919 βαρβάροις,
1037 826 1145 901 πολλὰ

135 934 188 1001 κοιλ
200 930 285 1001 κοιλόι
296 929 548 1019 ἀποφηνάμενοι
558 935 648 1017 ἔργα,
660 929 880 1016 γεννήσαντες
891 938 1055 1000 παντοίαν
1066 928 1145 1014 ἀρε-

135 1032 212 1117 τηύ·
235 1023 284 1098 ῶν
301 1032 355 1098 καὶ
373 1027 445 1117 ίερῶ
463 1027 568 1098 πολλὰ
585 1028 649 1116 ἤδη
666 1031 784 1114 μέμονε
803 1027 857 1096 διὰ
875 1030 954 1110 τούς
969 1030 1144 1109 τοιούτους

136 1133 263 1213 παῖδας,
276 1127 331 1195 διὰ
343 1127 379 1196 δὲ
389 1128 467 1207 τούς
477 1127 714 1212 ἀνθρωπίνους
724 1125 864 1208 οὐθενός
873 1152 935 1197 πω.

219 1232 354 1296 XXVIII.
391 1234 503 1293 Ταῦτα
511 1225 572 1311 μὲν
583 1218 646 1294 ούν
656 1228 696 1296 τὰ
707 1226 847 1311 ἐρωτικόι
859 1238 948 1312 ἴσως,
961 1220 1145 1314 ῶΣῶκρα-

67 1351 120 1405 210
138 1353 201 1412 τες,
213 1321 277 1394 κόν
287 1324 331 1395 σύ
341 1332 502 1411 μυηθείης
512 1350 518 1364 ·
530 1322 570 1393 τὰ
584 1325 619 1394 δὲ
630 1327 724 1395 τέλεοι
736 1330 791 1396 καὶ
804 1327 971 1414 ἐποπτιιιύ,
985 1319 1033 1396 ῶν
1046 1329 1144 1397 ἕνεκα

137 1428 192 1494 καὶ
200 1433 303 1493 ταύτοι
314 1429 412 1510 ἔστιν,
424 1423 484 1492 ε’όν
494 1449 542 1502 τις
551 1421 663 1511 ὀρθῶς
674 1437 778 1514 μετίη,
790 1424 853 1495 ούκ
865 1425 929 1494 οἷδ’
941 1433 972 1496 εἰ
980 1422 1051 1507 οἷός
1061 1424 1086 1497 τ’
1100 1422 1145 1496 οἶν

137 1535 213 1611 ελης.
238 1526 304 1608 ἐρῶ
321 1523 383 1611 μὲν
400 1515 480 1609 ούν,
501 1527 581 1610 ἔφη,
605 1520 669 1609 ἐρῶ
681 1527 736 1594 κοιλ
746 1532 935 1611 προθυμίας
946 1523 1047 1595 οὐδὲν
1058 1524 1144 1595 ἀπο-

136 1632 252 1707 λείψω·
265 1631 367 1710 πειρῶ
381 1622 416 1692 δὲ
427 1625 582 1709 ἕπεσθαι,
594 1618 637 1690 όν
651 1619 721 1702 οἰός
731 1650 766 1692 τε
777 1616 824 1712 ᾗς.
846 1625 980 1712 ὀεῑμόρ,
994 1630 1070 1714 ἔφη,
1082 1624 1143 1695 τόν

136 1722 248 1811 ὀρθῶς
259 1724 352 1793 λόντυ
364 1725 523 1791 ἐπὶτοῦτο
534 1747 571 1789 το
582 1729 716 1808 πρᾶγμα
728 1721 889 1808 ἄρχεσθαι
898 1726 960 1809 μὲν
971 1725 1049 1792 νέον
1060 1722 1143 1794 ὄντα

137 1829 221 1890 ἰέναι
232 1824 284 1890 ἐπὶ
294 1820 335 1891 τὰ
346 1822 428 1890 καλοὶ
447 1821 598 1907 στόματα,
621 1823 677 1888 καὶ
697 1828 831 1908 πρῶτον
851 1824 927 1908 με’ν,
950 1820 1010 1889 ἐόν
1029 1820 1143 1906 ὀρθῶς

135 1918 254 2008 ημητοιι
274 1919 292 1989 ό
314 1919 515 2009 ἡγούμενος,
540 1916 614 1999 ἑνὸς
630 1917 733 1988 αὐτὸν
751 1918 900 2006 οῶμοιτος
916 1923 998 2011 ἕρᾷν
1014 1925 1070 1990 καὶ
1087 1927 1142 1991 ἐν·

136 2027 248 2088 τυύθα
263 2027 388 2108 γεννῶν
404 2019 525 2104 λόγους
535 2018 672 2104 καλούς,
695 2022 805 2086 ἔπειτα
816 2017 852 2087 δὲ
862 2015 966 2086 αὐτόν
976 2027 1142 2106 κατανοῆ-

101 2138 119 2187 Β
139 2138 204 2204 σοι,
217 2116 312 2185 ὅτιτὸ
325 2118 446 2196 κάλλος
456 2116 493 2186 τό
506 2119 559 2186 ἐπὶ
569 2114 699 2207 ὁτῳοῦν
710 2116 834 2201 οῶματι
844 2123 889 2208 τῶ
901 2119 953 2186 ἐπὶ
964 2118 1062 2209 ἑτέρη)
1075 2119 1143 2187 σῶ-

138 2241 215 2303 ματι
228 2213 376 2300 ἀδελφόν
385 2218 469 2301 ἐστι,
490 2216 546 2285 καὶ
565 2221 595 2284 εί
610 2211 849 2282 ὀελόιῶιιειντό
864 2212 916 2283 ἐπ’
935 2216 1143 2301 είόειιιοιλόν,

139 2311 243 2399 πολλη
256 2311 353 2381 όὶνοια
363 2313 407 2401 μὴ
421 2310 482 2401 ούχ
493 2316 531 2383 ἕν
541 2339 575 2382 τε
586 2315 642 2383 nal
651 2311 776 2381 ταύτόν
785 2311 940 2400 ἡγεῖσθαι
948 2315 985 2382 τό
997 2317 1051 2383 ἐπὶ
1062 2321 1144 2385 πᾶσι

136 2426 205 2493 τοῖς
225 2412 355 2499 σῶμαοι
375 2412 510 2493 κάλλος·
537 2419 637 2481 τούτο
657 2411 690 2481 δ’
712 2413 916 2501 ἐννοήσαντα
939 2422 1145 2502 καταστῆναι

137 2512 274 2579 πόντων
285 2519 353 2579 τῶν
364 2518 476 2580 καλῶν
488 2513 650 2599 σωμάτων
661 2512 814 2602 ἐραστήν,
828 2512 902 2594 ἕνός
913 2513 949 2582 δὲ
959 2515 997 2582 τὸ
1010 2514 1143 2600 σφόδρα

135 2615 233 2677 τοῦτο
243 2608 383 2695 χαλῶσαι
394 2611 692 2698 καταφρονήσαντα
699 2616 752 2681 καὶ
763 2610 905 2701 σμικρόν
912 2610 1142 2700 ἡγησόμενον·

136 2705 217 2794 μετὰ
234 2709 270 2775 δὲ
288 2716 391 2777 ταῦτα
404 2706 441 2781 τὸ
453 2713 492 2778 ἐν
503 2722 574 2790 ταῖς
591 2724 710 2798 ψυχαῖς
721 2711 1047 2798 κόλλοςτιμιῶτερον
1057 2709 1144 2799 ἡγή-

137 2815 261 2874 σασθαι
277 2814 338 2875 τοῦ
355 2811 391 2876 ἐν
407 2814 455 2892 τῶ
465 2807 610 2896 στόματι,
633 2806 717 2878 ῶοτε
728 2812 783 2879 κοιλ
793 2808 853 2879 ἐὰν
865 2808 1008 2898 ἐπιεικὴς
1020 2805 1070 2879 ῶν
1080 2809 1142 2897 τὴν

100 2904 245 2992 υψνηήν
264 2930 313 2984 τις
335 2899 400 2973 κῶν
421 2907 564 2993 σμικρόν
584 2906 692 2989 ἄνθος
711 2914 784 2999 ἔχη,
805 2912 954 2994 ἐξαρκεῖν
976 2905 1068 2998 αύτῷ
1087 2910 1144 2977 καὶ

134 3007 216 3093 ἐρᾷν
232 3005 288 3072 καί
303 3003 467 3091 κήδεσθαι
487 3008 543 3074 nal
564 3015 685 3077 τίκτειν
701 3009 822 3095 λόγους
837 3008 1010 3087 τοιούτους
1020 3012 1075 3076 ιιοιλ
1086 3013 1144 3094 ζη-

135 3117 219 3191 τεῖν,
243 3108 360 3184 οἵτινες
377 3104 554 3195 ποιήσουσι
568 3113 719 3195 βελτίους
735 3107 816 3187 τούς
831 3109 942 3196 νέους,
964 3111 1021 3176 ἵνα
1037 3105 1144 3193 ύνοηι-

136 3212 248 3292 ιιοιοθῇ
261 3196 307 3272 οιύ
327 3204 518 3275 θεόοοιοθαι
539 3205 576 3276 τό
598 3210 635 3276 ἐν
656 3219 724 3284 τοῖς
744 3205 978 3293 ἐπιτηδεύμασι
998 3207 1055 3275 καί
1074 3220 1145 3287 τοῖς

135 3303 252 3387 νόμοις
268 3301 372 3372 καλὸν
381 3306 437 3374 καί
446 3303 537 3373 τοῦτ’
552 3310 635 3376 λθειν
646 3302 697 3374 ὅτι
707 3311 775 3372 πᾶν
786 3302 868 3374 αύτό
880 3301 971 3396 αύτῷ
986 3307 1144 3391 ξυγγενές

134 3403 225 3468 ἐστιν
228 3448 242 3483 ,
262 3403 318 3467 ἵνα
339 3398 377 3467 τό
399 3405 474 3488 περὶ
491 3401 528 3471 τό
547 3410 643 3491 σῶμα
659 3401 764 3471 καλόν
781 3404 923 3490 σμικρόν
938 3430 969 3471 τι
979 3400 1143 3491 ἡγήσηται
