2416 3766
105 153 167 216 124
375 154 380 165 '
471 155 755 214 ΠΛΑΤΩΝΟΣ

65 319 85 368 Β
106 321 176 382 σιδυ
189 322 327 399 τεχνῶν·
341 312 447 381 πάυτα
458 311 523 399 γάρ
534 309 596 397 ὑφ’
610 309 692 398 αὐτή
706 317 811 381 δοῦλα
823 312 861 382 δι’
875 315 1022 384 ἑκόντων
1036 312 1111 383 ἀλλ’

105 411 146 479 οά
164 413 218 480 διὰ
235 419 309 500 βίας
327 422 471 495 ποιοῖτο,
492 414 548 478 καὶ
571 419 686 498 μακρῷ
710 408 824 497 ἀρίστη
843 419 960 480 πασοδν
977 422 1027 499 είη
1045 419 1115 479 τῶν

104 519 241 598 τεχνῶν·
268 519 333 580 νῦν
354 508 386 577 δ’
412 506 490 576 οὔτε
512 509 564 576 σοδ
581 506 658 575 οὔτε
676 506 716 595 δή
734 512 848 600 ἐκείνῳ
867 505 1052 596 βουλοίμην
1071 505 1115 576 ἀν

104 599 237 676 ἐναυτία
247 615 412 676 τίθεσθαι.

188 713 263 775 ΣΩ.
297 703 346 772 Τά
364 704 450 773 ὅπλα
469 731 524 790 μοι
543 709 648 784 δοκεῖς
664 708 843 793 βουληθεὶς
860 712 964 774 είπεῑυ
975 713 1112 793 αίσχυν-

103 803 366 884 θεὶςάπολιπεσν.

188 907 292 969 ΠΡΩ.
318 901 425 968 Ἔστω
437 907 503 969 νῦν
513 908 617 968 ταῦτα
627 903 747 990 ταύτῃ,
760 901 826 989 ὅπη
838 921 891 970 σοι
901 907 999 971 δοκεῖ.

187 1007 261 1068 Σίλ.
300 992 368 1084 Ἆρ’
394 991 457 1065 οὖν
479 1008 582 1078 αίτιος
609 998 671 1084 έγοδ
696 1008 758 1068 τοῦ
782 999 825 1087 μή
854 1009 962 1080 καλῶς
983 999 1106 1071 ὑπολα-

103 1109 175 1187 βείυ
187 1120 240 1176 σες

187 1201 289 1262 Hm.
327 1193 372 1262 Τδ
385 1208 497 1276 ποίους

188 1299 263 1360 Σέλ.
298 1291 386 1376 Οὐκ,
409 1286 521 1378 ἀφίλε
533 1293 731 1382 Πρώταρχε,
753 1302 851 1362 τοῦτο
863 1299 964 1380 έγαγε
975 1296 1112 1382 ἐζήτουν

68 1409 87 1460 c
106 1419 174 1476 πω,
192 1399 239 1471 τίς
256 1395 350 1478 τέχνη
368 1387 449 1478 ήτίς
460 1393 618 1478 ἐπιστήμη
632 1401 748 1459 πασῶν
760 1395 908 1479 διαφέρει
918 1400 966 1482 τῷ
976 1402 1109 1482 μεγίστη

105 1493 159 1559 καὶ
178 1489 293 1575 ἀρίστη
306 1491 360 1558 καὶ
373 1498 507 1557 πλεῖστα
519 1487 696 1575 ἀφελοῦσα
706 1489 807 1576 ήμάς,
830 1488 912 1558 ἀλλά
924 1497 972 1570 τίς
983 1518 1062 1560 ποτε
1073 1493 1109 1561 τδ

104 1590 206 1675 σαφὲς
217 1592 272 1656 καὶ
283 1586 434 1675 τάκριβὲς
450 1589 504 1656 καὶ
522 1587 558 1655 τδ
571 1585 797 1675 ἀληθέστατον
808 1593 979 1658 ἐπισκοπεῖ
984 1642 993 1677 ,
1005 1588 1070 1658 κάν
1082 1597 1112 1659 εί

104 1685 224 1774 ομικρά
245 1689 299 1754 καὶ
317 1684 438 1772 σμικροὶ
450 1681 605 1774 ὀνινοίσα,
623 1685 714 1754 τοῦτ’
729 1693 818 1754 ἔστιν
830 1684 925 1754 δοῦν
936 1689 976 1774 δή
995 1693 1111 1774 ζητοῦ-

103 1812 173 1872 μεν.
196 1783 270 1852 ἀλλ’
285 1784 364 1868 δρα·
386 1783 466 1852 οὐδὲ
477 1783 541 1870 γάρ
553 1784 734 1870 ἀπεχθήσει
744 1790 887 1872 Γοργίᾳ,
899 1792 938 1872 τή
952 1788 1014 1871 μὲν
1027 1790 1111 1854 ἐκεί-

105 1910 168 1952 νου
186 1880 348 1969 ὑπάρχειν
364 1885 461 1970 τέχνη
479 1881 592 1961 διδοὺς
609 1881 692 1966 πρὸς
709 1891 822 1969 χρείαν
838 1899 906 1963 τοῖς
916 1885 1111 1968 ἀνθρώποις

104 1996 253 2070 κρατεῖν,
278 1975 346 2070 ᾖδ’
365 1980 459 2049 εἷπον
476 1978 540 2064 έγοδ
552 1988 617 2048 νῦν
634 1989 856 2069 πραγματεία,
878 1982 1030 2068 καθάπερ
1047 1989 1109 2050 τοῦ

104 2089 227 2149 λευκοῦ
240 2085 315 2164 πέρι
326 2080 398 2147 τότε
409 2084 533 2164 ἔλεγον,
546 2073 611 2146 κάν
622 2085 652 2147 εί
661 2081 817 2165 σμικρόν,
835 2078 988 2166 καθαρὸν
999 2079 1035 2147 δέ
1047 2091 1109 2166 είη,

66 2198 87 2246 υ
105 2185 165 2246 τοῦ
177 2184 303 2245 πολλοῦ
314 2179 369 2245 καὶ
381 2176 426 2263 μή
443 2178 598 2245 τοιούτου
610 2182 779 2263 διαφέρειν
790 2179 897 2266 τούτῳ
915 2177 947 2265 γ’
961 2179 1051 2268 αὐτῷ
1063 2184 1110 2268 τῷ

103 2274 334 2367 ἀληθεστάτφ,
357 2279 412 2343 καὶ
429 2282 494 2344 υυυ
511 2273 550 2362 δή
571 2277 701 2362 σφόδρα
720 2281 954 2363 διανοηθέντες
971 2279 1026 2345 καὶ
1037 2281 1110 2344 ίκα-

103 2384 168 2456 νοῐς
180 2374 463 2463 διαλογισάμενοι,
481 2373 556 2463 μήτ’
579 2383 625 2454 είς
642 2402 734 2456 τινας
746 2373 906 2460 ἀφελείας
923 2379 1110 2461 ἐπιστημῶν

102 2480 280 2559 βλέψαντες
299 2475 380 2561 μήτε
391 2474 483 2553 τινὰς
497 2471 701 2561 εδδοκιμίας,
721 2472 794 2542 ἀλλ’
815 2482 848 2542 εί
854 2499 902 2552 τις
912 2475 1042 2558 πέφυκε
1053 2481 1110 2559 τῆς

103 2580 209 2658 ψυχῆς
230 2571 325 2659 ἡμῶν
347 2573 489 2658 δύναμις
510 2575 591 2658 έρᾷν
611 2599 646 2640 τε
666 2580 728 2640 τοῦ
749 2570 899 2658 ἀληθοῦς
923 2573 980 2639 καὶ
1001 2572 1110 2639 πάντα

102 2668 200 2735 ἕνεκα
209 2668 330 2738 τούτου
340 2670 505 2755 πράττειν,
517 2669 643 2755 ταύτην
651 2678 805 2756 εἴπωμεν,
819 2668 1110 2757 διερευνησάμενοι

102 2762 139 2832 τδ
152 2765 306 2850 καθαρὸν
322 2774 387 2834 νοῦ
404 2768 503 2834 τεκαὶ
515 2767 727 2854 φρονήσεως,
746 2776 776 2837 εί
786 2771 910 2856 ταύτην
920 2767 1063 2856 μάλιστα
1073 2770 1109 2834 έκ

102 2869 170 2930 τῶν
189 2863 327 2930 εἰκότων
343 2868 503 2951 ἐκτῆσθαι
520 2879 644 2951 φαῖμεν
659 2863 703 2935 ἀν
725 2866 747 2954 ή
767 2894 841 2935 τινα
859 2871 974 2951 ἑτέραν
988 2866 1111 2951 ταύτης

64 2981 84 3033 Ε
102 2964 308 3048 κυριωτέραν
317 2959 398 3048 ἡμῖν
408 2967 569 3048 ζητητέον.

187 3067 290 3129 nm.
321 3058 417 3130 Ἀλλά
437 3069 562 3149 σκοπῶ,
574 3065 629 3131 καὶ
639 3064 799 3152 χαλεπόν,
817 3063 924 3152 οἶμαι,
936 3070 1111 3150 συγχωρή-

101 3167 159 3228 σαί
172 3187 246 3229 τινα
262 3159 367 3247 ἀλλην
384 3160 565 3248 ἐπιστήμην
579 3155 729 3249 ήτέχνηυ
739 3171 797 3248 τής
808 3161 966 3251 ἀληθείας
977 3161 1112 3248 ἀντέχε-

100 3265 182 3325 σθαι
192 3256 494 3349 μᾶλλονήταύτην.

183 3362 258 3424 ΣΩ.
287 3350 356 3445 ‘Ao’
377 3352 442 3428 οὖν
458 3361 617 3449 ἐννοήσας
634 3357 670 3427 τδ
684 3358 813 3428 τοιόνδε
831 3356 993 3445 εἴρηκαςδ
1006 3365 1112 3446 λέγεις
