2408 3780
154 183 196 244 24
510 182 798 242 ΠΛΑΤΩΝΟΣ

155 344 321 430 ρασμένον
331 337 375 410 άν
387 352 437 429 εἴη
448 341 531 411 κατὰ
541 337 578 408 τὸ
590 338 721 418 ὅλοντὸ
732 342 785 410 έν·
806 340 828 428 ἢ
845 339 887 408 οὐ
898 344 1079 426 περιέχεται
1091 337 1156 408 ὑπὸ

86 458 137 512 145
153 448 216 508 τοῦ
230 438 314 507 ὅλου
331 437 371 506 τά
387 440 502 526 μόρια;
519 435 670 524 Ἀνάγκη.
712 436 807 507 Ἀλλά
824 437 891 525 μὴν
907 438 945 506 τό
957 464 995 524 γε
1005 447 1158 525 περιέχον

154 540 255 622 πέρας
270 534 314 605 άν
331 546 389 624 εἴη.
434 544 512 615 Πῶς
525 533 556 603 δ’
576 533 633 611 οὕς
658 533 702 603 Τὸ
721 539 759 605 ἓν
770 534 836 619 άρα
852 532 894 604 ὅν
909 537 948 602 ἕν
959 538 997 603 τέ
1005 538 1077 603 ἐστέ
1091 559 1158 602 που

153 637 209 703 καὶ
228 634 350 720 πολλά,
374 637 429 702 καὶ
449 633 531 702 ὅλον
551 633 606 701 καὶ
622 633 741 720 μόρια,
764 636 819 702 καὶ
836 634 1086 721 πεπερασμένον
1103 634 1159 701 καὶ

153 730 292 817 άπειρον
302 732 433 819 πλήθει.
478 735 643 799 Φαίνεται.
669 723 738 814 Ἆρ’
752 724 817 800 οὖν
827 730 900 819 οάιι,
913 735 1045 817 ἐπείπερ
1057 754 1158 799 πεπε·

153 833 328 916 ρασμένον,
341 832 396 898 ιιαλ
407 835 525 916 ἔσχατα
535 834 627 915 έχονς
639 826 791 914 Ἀνάγκη.
817 835 859 898 Τι’
867 827 910 910 ὅ’;
920 826 1001 898 ὅλον
1012 824 1086 897 *ὅν*
1094 825 1151 896 οὐν

153 926 259 1013 ἀρχὴν
276 922 320 993 άν
336 931 405 1012 ἔχοι
419 928 474 995 καὶ
491 928 594 1012 μέσον
611 927 666 994 καὶ
676 926 849 1013 τελεοτήνς
870 922 977 1013 ἢοῖόν
987 928 1025 995 τέ
1033 953 1065 994 τι
1076 924 1158 993 ὅλον

154 1024 237 1092 εἶναι
248 1021 333 1090 άνεν
345 1032 448 1106 τριῶν
457 1023 603 1104 τοάτωνς
625 1021 690 1090 κάν
700 1049 761 1092 τον
773 1027 811 1093 ἓν
822 1024 937 1094 ὁτιοῦν
947 1023 1060 1093 αὐτῶν
1072 1023 1158 1092 άπο«

154 1129 264 1208 στατῇ,
278 1120 431 1206 ἐθελήσει
442 1126 489 1190 ἐτι
499 1120 580 1189 ὅλον
591 1119 691 1203 εἶναις
708 1121 780 1190 oin
793 1122 954 1209 ἐθελήσει.
975 1126 1040 1190 Καὶ
1052 1121 1155 1208 ἀρχὴν

116 1235 135 1285 Β
154 1217 212 1305 δή,
224 1215 269 1297 ῶς
279 1224 382 1306 ἔοικε,
393 1221 449 1288 καλ
459 1219 682 1305 τελεντὴνιιαλ
692 1221 795 1306 μέσον
805 1225 873 1306 ἔχοι
883 1217 972 1289 άντὸ
985 1221 1032 1286 ἕν.
1058 1219 1150 1304 Ἔχοι.

150 1313 248 1383 Ἀλλά
266 1313 334 1403 μὴν
350 1317 389 1385 τό
404 1343 443 1403 γε
454 1322 556 1403 μέσον
566 1327 643 1386 ἴσον
652 1325 721 1384 τῶν
732 1319 877 1403 ἐσχάτων
888 1317 1014 1404 ἀπέχει·
1039 1313 1080 1383 οὐ
1091 1314 1156 1399 γάρ

153 1412 315 1494 ἀνάλλως
325 1416 427 1502 μέσον
439 1425 498 1502 εἴη.
523 1415 574 1484 Οὐ
588 1416 660 1501 γάρ.
683 1418 748 1483 Καὶ
759 1415 976 1501 σχήματοςδή
986 1439 1092 1499 τινος,
1113 1411 1158 1491 ῶς

153 1520 256 1599 έοιιιε,
267 1520 420 1582 τοιοῦτον
431 1509 472 1582 ὅν
482 1516 609 1600 μετέχοι
621 1509 664 1581 άν
676 1512 712 1582 τὸ
724 1515 772 1599 ἕν,
788 1512 861 1600 ἤτοι
872 1511 990 1591 εὐθέος
1003 1507 1024 1599 ἢ
1036 1531 1154 1595 στρογ-

154 1609 569 1697 γάλονῆτινοςμαιτοῦέξ
586 1607 722 1698 ἀμφοῖν.
754 1613 894 1696 Μετέχοι
916 1607 980 1695 γάρ
1002 1608 1054 1676 άν.
1084 1601 1154 1693 Ἆρ’

155 1699 219 1776 οὖν
236 1706 344 1786 οὕτως
360 1713 437 1794 έχον
453 1706 516 1776 οάιι
533 1705 616 1776 αάτό
626 1734 662 1777 τε
672 1712 709 1778 ἐν
719 1711 827 1795 ἑαυτῷ
838 1713 927 1777 ἔσται
938 1708 992 1776 καὶ
1004 1709 1039 1774 ἐν
1050 1704 1155 1792 ἀλλοις

154 1811 246 1883 Πῶς;
271 1811 348 1872 Τῶν
364 1812 476 1892 μερῶν
492 1830 559 1872 πον
575 1807 715 1875 ἕκαστον
724 1809 762 1876 έν
772 1813 819 1895 τῶ
830 1805 899 1896 ὅλςο
913 1807 980 1874 ἐστὶ
991 1807 1046 1873 καὶ
1056 1801 1158 1872 οὐδὲν

155 1899 248 1981 έιιτὸς
256 1907 318 1969 τοῦ
329 1898 419 1970 ὅλον.
450 1900 575 1982 Οὸτοις.
591 1903 721 1972 Πάντα
732 1904 768 1973 δὲ
778 1902 818 1971 τά
829 1907 912 1990 μέρη
924 1899 990 1970 ὑπὸ
1002 1908 1063 1970 τοῦ
1073 1900 1157 1970 ὅλου

117 2002 351 2084 οπεριέχεταις
373 2005 449 2068 Nat.
481 2002 548 2068 Καὶ
564 1999 631 2086 μὴν
641 2001 682 2068 τά
692 2026 730 2086 γε
740 2001 849 2069 πάντα
859 2006 940 2088 μέρη
951 1999 992 2068 τά
1003 1998 1108 2068 αὑτοῦ
1118 2000 1156 2068 τὸ

154 2098 191 2163 έν
202 2099 280 2179 ἐστι,
293 2098 349 2164 ιιαλ
359 2095 438 2164 οὸτε
448 2124 479 2164 τι
490 2101 592 2166 πλέον
602 2096 681 2165 οὔτε
692 2095 861 2185 ἔλαττονῆ
871 2098 991 2168 πάντα.
1014 2096 1066 2168 Οὐ
1081 2098 1156 2184 γάρ.

156 2189 296 2261 Οάκοῶν
316 2195 372 2262 ιιαλ
394 2192 432 2263 τὸ
454 2193 536 2263 ὅλον
555 2194 593 2262 τά
616 2195 655 2262 ἓν
673 2197 777 2276 έστιν;
797 2204 875 2276 Πῶς
899 2195 931 2265 δ’
950 2193 1008 2275 οὸ;
1028 2200 1072 2265 Εἰ
1091 2195 1158 2279 ἀρα

153 2292 262 2360 πάντα
273 2290 314 2360 τά
328 2296 410 2381 μέρη
423 2296 461 2362 ἐν
470 2292 538 2386 ὅλρι
549 2292 703 2381 τυγχάνει
713 2293 809 2380 ὅντα,
828 2301 895 2364 έστι
905 2297 941 2364 δὲ
951 2295 993 2363 τά
1003 2319 1039 2361 τε
1049 2294 1158 2361 πάντα

153 2387 190 2458 τὸ
204 2393 241 2459 ὅν
253 2391 310 2459 ιιαλ
324 2389 407 2460 αὐτὸ
424 2389 462 2461 τὰ
480 2390 578 2471 ὅλον,
602 2395 785 2478 περιέχεται
800 2391 836 2461 δέ
853 2390 919 2461 ὑπὸ
938 2398 1000 2459 τοῦ
1016 2388 1100 2460 ὅλου
1116 2388 1158 2459 τά

153 2489 277 2576 πάντα,
299 2485 364 2558 ὑπὸ
383 2498 445 2558 τοῦ
462 2490 538 2571 ἑνὸς
550 2487 594 2559 άν
611 2492 790 2576 περιέχοιτο
807 2487 845 2558 τό
856 2490 908 2576 έν,
931 2491 988 2558 καὶ
998 2483 1159 2566 οὸτοιςάν

152 2584 215 2674 ἤδη
233 2582 270 2654 τὰ
289 2589 327 2653 ἓν
344 2584 425 2654 αὐτὰ
443 2591 480 2655 ἐν
496 2589 601 2677 ἑαυτῷ
622 2597 680 2674 εἴη.
726 2594 891 2656 Φαίνεται.
932 2584 1027 2656 Ἀλλά
1045 2586 1159 2672 μέντοι

151 2683 191 2751 τό
207 2709 246 2770 γε
264 2681 346 2751 ὅλον
362 2675 407 2752 αὖ
424 2681 487 2753 οὸιι
504 2687 542 2754 έν
559 2699 628 2766 τοῖς
642 2688 777 2773 μέρεσίν
793 2689 898 2771 ἐστιν,
919 2684 996 2754 οὔτε
1008 2686 1045 2754 ἐν
1055 2691 1158 2752 πᾶσιν

114 2803 137 2856 ο
154 2779 232 2850 οὔτε
242 2783 279 2849 έν
292 2788 365 2850 τινί.
389 2787 420 2850 εἰ
429 2781 493 2870 γάρ
503 2787 667 2870 ένπάσιν,
689 2782 885 2871 ἀνάγκηκαὶ
902 2787 940 2853 έν
956 2784 1020 2854 ἐνέ·
1042 2786 1079 2850 ἐν
1092 2807 1160 2851 τινι

152 2876 217 2966 γάρ
235 2880 284 2948 ένλ
300 2876 345 2967 μὴ
361 2874 404 2948 ὅν
415 2878 478 2949 οάιι
489 2877 534 2949 ἀν
545 2888 592 2950 έτι
602 2906 668 2950 πον
679 2883 815 2951 δύναιτο
826 2887 864 2949 έν
874 2907 911 2968 γε
923 2877 1048 2949 ὅπασιν
1058 2878 1157 2948 εἶναι·

153 2984 184 3047 εἰ
199 2979 235 3046 δὲ
251 2985 351 3046 τοῦτο
368 2978 431 3065 μέν
448 2976 485 3047 τὸ
504 2980 543 3046 ἐν
560 2986 629 3046 τῶν
644 2976 803 3046 ἁπάντων
820 2982 904 3061 ἐστι’,
926 2980 964 3046 τὸ
981 2977 1018 3047 δὲ
1029 2975 1111 3045 ὅλον
1121 2979 1159 3046 ἐν

152 3074 260 3165 τούτῳ
272 3072 341 3161 [μὴ]
352 3080 418 3161 ἐνι,
440 3083 510 3155 πῶς
527 3080 575 3143 ἔτι
589 3080 627 3143 έν
637 3102 675 3161 γε
685 3083 866 3155 τοις-τάσιν
876 3078 1020 3156 ἐνέσταις
1044 3071 1160 3145 Οὐδα-

153 3180 229 3257 μῶς.
262 3169 352 3242 Οάιλὲ
360 3171 551 3260 μῆνέντισλ
560 3181 630 3241 τῶν
640 3181 761 3259 μερῶν.
788 3172 1063 3260 εἰγάρέντισλτό
1076 3174 1160 3243 ὅλον

154 3277 220 3355 ελη,
243 3269 280 3338 τό
295 3272 398 3340 πλέον
414 3265 459 3338 ἀν
475 3273 513 3340 έν
526 3278 575 3363 τῷ
590 3272 739 3341 ἐλάττονι
759 3281 826 3360 εἴη,
847 3270 1166 3371 ὅέστινάελάνατον.Ι

151 3366 333 3437 Ἀδύνατον
344 3369 418 3454 γάρ.
463 3369 524 3456 Μὴ
542 3366 583 3439 ὅν
595 3368 625 3438 δ’
646 3369 908 3460 ένπλεέοσιμηὸ’
922 3372 1019 3441 ένένὶ
1030 3370 1110 3457 μηδ’
1121 3369 1160 3440 έν
