2408 3780
137 152 201 217 318
498 153 784 213 ΠΛΑΤΩΝΟΣ
1126 159 1155 216 λλ

221 321 291 382 ΑΛ.
320 311 456 399 Ὀρθῶς.

221 417 297 480 ΣΩ.
331 416 375 479 Ec
390 409 455 496 ἀρα
472 436 521 489 τις
537 412 676 496 γέγονεν
693 405 830 494 ἐραστὴς
850 415 915 476 τοῦ
935 407 1153 500 Ἀλκιβιάδου

137 507 303 595 στόματος,
317 507 380 576 οὐκ
388 506 596 594 Ἀλκιβιάδου
606 503 756 594 ἠράσθη,
774 503 859 575 ἀλλά
875 531 973 587 τινος
983 517 1064 578 τοῖν
1084 507 1152 578 Ἀλ·
1178 518 1180 579 ῗ

137 605 300 692 κιβιάόον.

224 710 293 772 ΑΛ.
324 703 448 790 Ἀληθῆ
461 705 573 789 λέγεις.

217 807 291 870 Σόό.
316 800 427 880 Ὅστις
438 803 477 868 δέ
486 823 548 868 σον
559 806 616 887 τῆς
628 810 734 889 ψυχῆς
744 805 819 889 ἐρᾷς

221 907 291 969 ΑΛ.
318 897 458 985 Ἀνάγκη
470 902 669 984 φαίνεταιέκ
680 897 867 986 τοῦλόγου.

222 1003 296 1066 ΣΩ.
331 995 470 1065 Οὐκοῦν
486 995 504 1064 ὁ
521 997 583 1083 μὲν
599 1003 661 1065 τοῦ
678 998 829 1086 στόματός
839 1017 903 1066 σου
914 999 1020 1087 ἐρῶν,
1035 999 1143 1089 ἐπειδή

137 1094 229 1178 λήγει
241 1091 393 1178 ἀνθοῦν,
404 1090 514 1160 ἀπιόν
525 1103 660 1180 οίχεταις

224 1196 291 1257 ΑΛ.
327 1195 490 1258 Φαίνεται.

86 1315 107 1367 n
221 1295 296 1357 262.
324 1285 360 1356 ‘0
373 1288 411 1356 δέ
426 1314 465 1374 γε
481 1297 539 1374 τῆς
555 1298 660 1377 ψυχῆς
677 1291 763 1374 ἐρῶν
774 1288 837 1360 οάιι
849 1289 1006 1380 ἀπεισιν,
1025 1295 1093 1375 ἕως
1104 1288 1143 1363 ἀν

136 1390 188 1456 ἐπὶ
198 1386 235 1455 τό
247 1388 378 1475 βέλτιον
390 1395 439 1476 ίης

225 1493 292 1553 ΑΛ.
322 1485 420 1562 Είκός
431 1509 478 1570 γε.
942 1545 951 1559 .

221 1589 296 1651 m.
330 1580 468 1651 Οὐκοῦν
484 1581 549 1667 ἐγοό
568 1578 667 1668 είμιὸ
691 1580 753 1651 οὐκ
770 1581 880 1652 ἀπιόν
890 1581 975 1652 ἀλλά
987 1591 1138 1673 παραμέ-

137 1707 207 1748 νων
223 1682 383 1767 λήγοντος
399 1687 461 1747 τοῦ
471 1680 638 1766 στόματος,
660 1687 729 1749 τοῖν
739 1681 852 1751 ἀλλων
861 1680 1137 1769 ἀπεληλυθότων.

221 1786 290 1846 AA.
323 1771 424 1864 Εὖγε
436 1785 557 1863 ποιων,
572 1769 801 1864 ιάΣοόκρατες·
814 1779 869 1848 καὶ
880 1777 924 1866 μη
933 1779 1105 1860 ἀπέλθοις.

219 1883 293 1943 ΣΩ.
327 1873 675 1963 Προθνμοῦτοίνννό
686 1901 716 1943 τι
726 1876 900 1954 κάλλιστος
911 1873 1005 1943 εἶναι.

219 1981 289 2046 ΑΛ.
319 1971 693 2061 Ἀλλάαροθνμήσομαι.

217 2079 338 2140 XXVII.
383 2077 457 2139 Σίλ.
484 2069 542 2149 Ὡς
565 2068 654 2137 οὕτω
676 2073 716 2156 γε’
735 2090 788 2139 σοι
809 2075 886 2157 ἔχει·
915 2069 983 2139 οὔτ’
998 2072 1135 2160 ἐγένεθ’,

82 2197 102 2248 E
136 2169 179 2249 ὠς
190 2174 307 2250 ἔοικεν,
316 2167 505 2256 Ἀλκιβιάδη
516 2176 563 2256 τῷ
569 2175 725 2236 Κλεινίου
736 2167 875 2256 ἐραστὴς
886 2166 953 2237 οὔτ’
961 2175 1054 2240 ἔστιν
1067 2171 1135 2240 ἀλλ’

134 2263 178 2346 εἷς
189 2267 302 2353 μόνος,
315 2267 369 2334 καὶ
380 2257 478 2346 οὗτος
489 2264 665 2353 ἀγαπητός,
672 2267 852 2354 Σωκράτης
863 2264 1136 2357 ὁΣωφρονίσιιον

132 2369 187 2434 καί
198 2367 409 2452 Φαιναρέτης.

220 2470 290 2532 ΑΛ.
319 2461 454 2550 Ἀληθῆ.

216 2565 289 2627 m.
327 2559 463 2628 Οόαοόν
474 2564 607 2646 ἔφησθα
623 2561 764 2647 σμικρόν
781 2570 914 2651 φθῆναί
932 2590 972 2650 με
989 2575 1132 2651 προσελ-

131 2655 239 2725 θόντα
249 2676 319 2747 σοι,
332 2659 399 2727 ἐπεὶ
410 2659 569 2746 πρότερος
579 2657 622 2727 ἀν
633 2685 689 2746 μοι
699 2670 915 2748 προσελθεῖν,
927 2663 1134 2750 βουλόμενος

132 2759 313 2841 πυθέσθαι,
326 2753 364 2822 δι’
379 2754 441 2825 ότι
451 2758 555 2844 μόνος
565 2756 627 2828 οὐκ
639 2757 836 2848 ἀπέρχομαις

216 2860 285 2922 ΑΛ.
314 2845 571 2939 Ἧνγάροότως.

213 2959 288 3022 Σόλ.
323 2957 431 3020 Τοῦτο
454 2959 569 3020 τοίνυν
585 2964 707 3045 αίτιον,
730 2956 781 3027 ότι
803 2957 906 3044 μόνος
927 2954 1066 3045 ἐραστὴς
1087 2952 1132 3046 ἦν

130 3052 204 3137 σός,
217 3057 250 3120 οί
259 3048 289 3118 δ’
305 3049 399 3120 ἀλλοι
410 3057 477 3120 τόν
488 3060 573 3122 σοῖν·
592 3054 632 3123 τά
645 3059 680 3124 δὲ
691 3053 733 3125 σά
745 3055 836 3144 λη’γει
849 3055 953 3146 αἴρας,
965 3056 1008 3125 σι)
1021 3056 1053 3125 θ’
1067 3057 1131 3143 ἀρ-

63 3177 112 3234 132
130 3175 178 3235 χει
190 3149 318 3218 ἀνθεῖν.
348 3153 402 3219 καὶ
421 3160 483 3219 νῦν
500 3178 537 3240 γε
549 3147 593 3221 ἀν
604 3152 649 3240 μη
667 3158 859 3244 διαφθαρῇς
874 3152 941 3225 ὑπὸ
953 3163 1014 3223 τοῦ
1026 3152 1130 3242 Ἀθη-

130 3253 234 3314 ναίων
246 3248 353 3335 δήμου
363 3252 417 3318 καὶ
430 3256 565 3337 αἰσχίων
576 3254 667 3340 γένη,
679 3250 721 3320 οό
731 3252 777 3340 μή
789 3275 826 3323 οε
836 3251 996 3323 ἀπολίπω.
1029 3259 1129 3321 τοῦτο

130 3348 193 3432 γὰρ
210 3346 250 3433 θη
262 3347 402 3434 μάλιστα
420 3349 482 3434 ἐγώ
495 3356 680 3437 φοβοῦμαι,
702 3349 746 3438 μη
761 3352 964 3441 δημεραστὴς
981 3349 1061 3438 ἡμῖν
1072 3377 1128 3437 γε-
