2422 3780
461 120 712 233 οιΛΗΒοέ
1016 166 1078 238 135

76 335 190 421 λόγος,
211 338 265 402 καὶ
283 337 320 401 ἑν
338 347 408 412 ταῖς
422 330 559 419 ἡδοναλς
574 346 644 412 ταῖς
664 335 738 419 περὶ
754 331 966 421 τάφροδίσια,
990 341 1026 403 αἳ
1037 336 1076 423 δὴ

72 438 222 520 μέγισται
233 437 392 499 δοκοῦσιν
402 429 501 514 εἶναι,
523 432 579 498 καὶ
590 429 627 498 τό
640 433 806 516 ἐπιορκεῖν
816 432 1018 519 συγγνώμην
1030 442 1078 502 ελ-

43 590 49 601 .
73 539 159 617 ληφε
175 527 384 616 παράθεῦν,
409 525 453 608 ὡς
463 528 617 614 καθάπερ
629 533 757 597 παίδων
768 537 837 596 τόν
847 527 981 615 ἡδονῦν
992 537 1078 597 νοῦν

73 626 152 697 οὐδὲ
174 627 234 695 τὸν
257 626 424 712 ὀλίγιστον
444 629 669 712 κεκτημένων·
700 634 783 707 νοῦς
804 625 839 694 δὲ
860 625 934 714 ἡτοι
953 625 1076 695 ταῦτὸν
1094 651 1116 699 1)

73 729 126 795 καλ
147 723 289 811 ἀλήθειά
311 727 399 793 ίστιν
420 721 589 811 ἡκόντων
613 722 808 809 ὁμοιότατον
829 728 935 792 τεκαὶ
953 723 1078 811 ἀληθέ-

74 847 203 893 στατον.

154 928 231 992 Σίλ.
268 917 405 990 Οὐκοῦν
420 918 457 987 τό
475 918 555 1005 μετὰ
573 928 671 988 τοῦτο
688 919 750 1007 τὴν
760 921 954 1008 μετριότητα
966 918 1078 988 όσαό-

73 1046 136 1100 τως
151 1023 287 1106 σκέψαι,
310 1018 454 1103 πότερον
469 1015 574 1104 ἡδονὴ
587 1019 782 1104 φρονήσεως
792 1013 814 1104 ἡ
826 1017 987 1106 φρόνησις
997 1016 1078 1105 ἡδο-

72 1121 423 1204 νῦςττλείωκέκτηταις

154 1220 258 1282 Hm.
291 1212 490 1280 Εόσκεττόν
505 1238 543 1297 γε
560 1216 615 1280 καὶ
627 1212 752 1298 ταύτην
762 1214 880 1294 σκέψιν
891 1216 1078 1301 προβέβλη-

72 1338 141 1391 κας.
164 1309 254 1397 οἶμαι
264 1311 328 1398 γοὶρ
339 1308 463 1397 ἡδονῆς
472 1312 534 1396 μὲν
545 1313 599 1379 καλ
613 1317 819 1397 περιχαρείας
830 1308 929 1378 οὐδὲν
939 1318 1008 1378 τεόν
1019 1310 1078 1378 όν-

72 1435 139 1477 των
149 1409 301 1496 πεφυκὸς
312 1407 533 1495 ἀμετρότερον
545 1405 655 1495 εὑρεῖν
666 1406 709 1476 ἄν
720 1434 810 1494 τινα,
821 1416 886 1476 νοῦ
893 1409 929 1476 δὲ
941 1411 995 1477 καὶ
1007 1413 1078 1478 ίτιι-

73 1507 198 1593 στὴμὴς
208 1506 446 1593 ἐμμετρότερον
460 1503 533 1574 οὐδ’
547 1501 590 1574 ῦν
603 1507 640 1573 ἕν
651 1530 738 1573 ποτε.

156 1611 232 1672 ΣΩ.
264 1612 385 1685 Καλός
400 1614 541 1691 εἴρηκας.
575 1602 664 1690 ὅμως
681 1601 712 1671 δ’
730 1609 778 1671 ἔτι
798 1607 873 1689 λέγε
894 1602 931 1672 τό
954 1609 1074 1687 τρίτον.
1094 1629 1116 1679 ς

72 1710 155 1782 νοῦς
171 1700 251 1790 ἡμῖν
267 1703 412 1783 κάλλους
428 1709 602 1788 μετείληφε
612 1696 760 1788 τιλελονὴ
769 1699 806 1769 τό
818 1700 1007 1789 τὴςὴδονὴς
1018 1704 1075 1786 γε’-

72 1826 148 1887 νος,
161 1799 245 1869 ὥστε
257 1799 341 1869 εἶναι
352 1809 474 1869 καλλίω
485 1808 570 1869 νοῦν
580 1798 717 1888 ἡδονῆς,
729 1797 752 1887 ἡ
763 1798 980 1882 τοῦναντίονς

155 1904 259 1967 Hm.
291 1893 359 1985 Ἆρ’
380 1892 443 1967 οῦν
454 1900 621 1986 φρόνησιν
631 1899 692 1985 μὲν
703 1903 757 1967 καὶ
768 1907 870 1984 νοῦν,
894 1891 923 1967 οἷ
933 1899 1078 1983 Σωκρα-

71 2023 140 2083 τες,
163 1995 272 2076 οῦδελς
289 1996 420 2064 πώποτε
438 1995 518 2064 οὔθ’
537 1996 626 2084 ῦπαρ
645 1995 718 2066 οὔτ’
741 1996 824 2082 όναρ
842 1997 980 2084 αίσχρόν
998 1997 1075 2065 οῦτε

71 2093 158 2162 εἶδεν
174 2092 251 2161 οὔτε
265 2095 448 2182 ἐπενόησεν
462 2092 591 2182 οὐδαμῇ
610 2093 763 2182 οὐδαμῶς
780 2093 857 2163 οῦτε
877 2095 1077 2182 γιγνόμενον

70 2190 148 2263 οὔτε
160 2191 240 2262 ὄντα
249 2191 326 2261 οῦτε
336 2192 511 2279 ἐσόμενον;

156 2298 232 2361 m.
261 2290 397 2376 Ὀρθῶς.

154 2396 256 2459 ΠΡΩ.
284 2387 424 2470 Ἡδονδς
441 2395 480 2459 δέ
488 2394 528 2477 γε’
536 2415 617 2474 τιον,
640 2393 809 2459 καὶταῦτα
820 2386 1078 2475 σχεδόντόιςμε·

69 2495 200 2575 γίστοις,
222 2485 304 2556 ὅταν
321 2491 444 2574 ίδωμεν
461 2486 627 2575 ἡδόμενον
650 2486 822 2572 ὁντινοῦν,
844 2483 867 2573 ἡ
889 2487 925 2554 τό
946 2493 1079 2572 γελοῖον

71 2584 122 2654 ἐπ’
142 2585 258 2667 αῦταϊς
271 2582 295 2673 ἡ
310 2585 346 2654 τό
360 2587 496 2654 πόντων
506 2596 674 2673 αίσχιστον
686 2585 849 2670 ἑπόμενον
860 2581 1004 2671 ὁρῶντες
1014 2582 1077 2651 αὐ·
1094 2616 1129 2670 55

70 2690 124 2753 τοί
137 2709 174 2751 τε
191 2684 417 2771 αἰσχυνόμεθα
434 2686 488 2753 καλ
504 2682 718 2770 ἀφανίζοντες
735 2683 926 2770 κρῦτιτομεν
938 2681 958 2750 ό
969 2709 1000 2751 τι
1010 2683 1076 2769 μοί-
1174 2704 1178 2709 ·

70 2791 182 2864 λιστα,
206 2783 301 2849 νυκτὶ
311 2781 418 2850 πάντα
429 2780 469 2850 τοὶ
481 2789 616 2850 τοιαῦτα
627 2783 789 2867 διδόντες,
808 2777 851 2860 ὡς
862 2789 935 2868 φῶς
945 2779 987 2849 οῦ
998 2783 1076 2848 δέον

70 2875 155 2968 ὃρᾷν
165 2876 259 2946 αὐτοί.

154 2983 230 3045 Σίλ.
264 2977 381 3066 Πάντὴ
394 2975 433 3064 δὴ
446 2978 578 3065 φὴσεις,
594 2972 832 3065 οδΠροίταρχε,
850 2975 917 3045 ῦιιό
929 3002 964 3043 τε
975 2973 1074 3060 ἄγγε’·

69 3082 139 3143 λων
156 3078 295 3161 κέμιιων
312 3079 367 3143 καλ
384 3084 529 3160 παροῦσι
546 3076 694 3163 φράζων,
718 3075 763 3156 ὣς
778 3073 880 3162 ἡδονὴ
894 3081 1000 3160 κτῆμα
1012 3070 1073 3138 οῦκ

69 3175 138 3240 ἔστι
149 3178 284 3258 πρῶτον
294 3169 371 3240 οὐδ’
383 3165 427 3239 αῦ
440 3171 612 3260 δεῦτερον,
635 3170 717 3241 ἀλλὰ
728 3180 861 3255 πρῶτον
871 3173 933 3255 μέν
943 3193 990 3257 πρ
1000 3170 1075 3253 περὶ

68 3268 192 3355 μέτρον
208 3270 263 3336 καὶ
280 3266 317 3336 τὸ
328 3273 462 3354 μέτριον
474 3271 529 3336 καὶ
539 3278 685 3354 καίριον,
707 3271 762 3336 καὶ
774 3265 884 3334 πάντα
895 3261 1002 3333 ὁπόσα
1012 3260 1073 3351 χρὴ

68 3371 206 3433 τοιαῦτα
216 3370 376 3452 νομίζειν,
390 3365 452 3452 τὴν
463 3365 571 3434 όλδιον
583 3371 736 3450 εἰρῆσθαι
747 3364 861 3451 φύσιν.
