2408 3780
138 153 200 221 176
495 153 779 212 σκινιιυοε
1014 230 1019 235 ,
1108 156 1143 217 τε

137 323 276 399 θυσίας,
292 321 359 382 τῶν
372 312 406 382 δὲ
417 310 475 392 τὰς
486 311 643 389 ἐπιτάξεις
654 336 688 378 τε
701 313 760 378 καί·
767 307 908 398 ἀμοιβὰς
917 317 987 378 τῶν
997 318 1141 402 θυσιῶν,

138 418 273 500 ἐνμέσῳ
291 411 327 480 δέ
344 408 384 479 ὂν
400 409 599 497 ἀμφοτέρων
610 417 811 494 συμπληροῖ,
835 407 968 477 ίίστετὸ
980 417 1052 477 πᾶν
1063 406 1141 479 αύτδ

139 511 229 600 αὑτῷ
240 514 466 592 ξυνδεδέσθαι.
496 506 551 575 διὰ
563 507 685 576 τούτου
695 509 750 576 καὶ
760 505 780 594 ἡ
792 505 931 594 μαντικὴ
943 516 1035 576 πᾶσα
1046 520 1144 605 χωρεί
1170 574 1173 581 .

138 616 192 681 καὶ
203 609 223 696 ἡ
234 619 302 678 τῶν
314 612 430 696 ίερέωυ
441 611 536 694 τέχνη
547 613 615 675 τῶν
626 632 661 674 τε
673 608 747 690 περὶ
757 604 815 685 τοὶς
826 612 948 685 θυσίας
959 608 1016 674 καὶ
1024 606 1143 688 τοὶςτε-

64 730 118 787 203
138 708 294 788 λετδιςκαί
303 704 553 796 τίιςέπμδίιςκαὶ
562 703 623 791 τὴν
630 704 972 790 μαντείαντιᾶσανκοιὶ
980 711 1143 792 γοητείαν.

137 808 218 887 θεὸς
228 808 263 876 δέ
272 806 441 896 ἀνθρώπῳ
451 802 492 873 ού
501 802 754 890 μίγνυται,α’λί.δι
764 800 817 871 διίι
827 803 1049 871 τούτουποῖσύ
1059 807 1144 873 ἐστιν
1171 892 1176 907 ι

140 907 160 993 ἡ
172 905 281 992 ὁμιλία
290 903 373 990 καὶὴ
385 904 553 982 διάλεκτος
561 912 654 982 θεοῖς
664 901 747 988 πρὸς
757 899 970 987 ἀνθρώπους,
981 903 1039 969 καὶ
1047 905 1146 989 ἐγρη-

142 1003 258 1088 γορόσι
274 1004 329 1069 καί
345 1002 566 1068 καθεύδουσι·
589 1001 643 1068 καί
654 996 672 1067 ὁ
685 999 745 1085 μὲν
755 1001 830 1083 περὶ
841 997 880 1066 τὰ
891 1004 1030 1066 τοιαῦτα
1041 998 1145 1084 σοφὸς
1167 1052 1174 1063 ,

141 1101 309 1186 δαιμόνιος
327 1097 430 1186 ἁνήρ,
453 1097 471 1168 ὁ
490 1099 526 1167 δὲ
543 1098 624 1167 ἄλλο
641 1124 673 1166 τι
690 1097 795 1183 σοφὸς
812 1091 860 1163 ιδν
875 1093 897 1182 ἢ
914 1090 1145 1183 περδτέχναςῆ

141 1204 346 1286 χειρουργίας
356 1196 448 1277 τινας
458 1198 635 1286 βάναυσος.
661 1188 754 1263 οὗτοι
768 1195 809 1281 δὴ
821 1197 855 1263 οί
864 1199 1018 1280 δαίμονες
1029 1194 1145 1262 πολλοὶ

141 1300 196 1365 καὶ
208 1300 414 1379 παντοδαποί
425 1301 518 1382 είσιν,
530 1292 575 1375 εἷς
587 1295 622 1364 δὲ
632 1295 760 1362 τούτων
771 1295 838 1362 ἐστὶ
849 1295 903 1360 καί
914 1288 1052 1378 ὁἝρως.
1073 1298 1145 1359 Πυ·
1180 1280 1186 1389 J

141 1392 219 1482 τρός
233 1396 286 1480 δέ,
309 1387 393 1480 ἦνδ’
409 1396 490 1480 ε’νύ,
512 1401 600 1473 τίνος
611 1394 679 1462 ἐστὶ
689 1395 744 1460 καὶ
760 1392 899 1480 μητρόςς
921 1390 1145 1474 Μακρύτερον
1183 1394 1186 1427 ²

98 1511 119 1563 B
143 1497 219 1581 με’ν,
241 1499 320 1579 ἔφη,
342 1493 580 1579 διηγήσασθαι·
602 1489 691 1577 ὅμως
709 1492 746 1559 δέ
755 1512 808 1560 σοι
818 1493 894 1578 ἐρῶ.
930 1489 986 1558 ὅτε
997 1487 1062 1575 γὰρ
1074 1490 1145 1575 ἐμέ·
1181 1470 1186 1587 ί

142 1616 218 1658 νετο
229 1587 249 1676 ἡ
259 1587 451 1677 Ἀφροδίτη,
470 1594 636 1658 εἱστιῶντο
648 1594 682 1657 σί
689 1595 781 1673 θεοί,
796 1592 830 1656 σί
839 1614 873 1656 τε
885 1587 979 1656 ἄλλοι
990 1591 1046 1656 καί
1058 1584 1077 1655 ὃ
1088 1595 1144 1673 τῆς
1184 1604 1186 1667 ζ

142 1690 291 1775 Μήτιδος
307 1688 510 1771 υίὸςΠόρος.
545 1686 655 1773 ἐπειδὴ
675 1690 710 1756 δ“ε
725 1690 940 1774 ἐδείπνησαν,
963 1687 1145 1774 προσαιτή-
1182 1696 1186 1721 ⁴

143 1805 248 1853 σουσα
270 1780 342 1853 οἷον
362 1783 402 1871 δη
422 1782 558 1870 εὐωχίας
578 1782 678 1872 ούσης
695 1782 831 1871 ἄφίκετο
847 1783 869 1871 ἡ
885 1791 1007 1869 Πενία,
1029 1786 1085 1853 καί
1101 1776 1144 1872 ἦν
1179 1784 1182 1789 ’

141 1886 214 1968 περὶ
231 1881 288 1962 τοὶς
306 1881 425 1966 θύρας.
459 1879 476 1950 ὁ
496 1876 559 1951 οὖν
575 1884 686 1969 Πόρος
703 1885 885 1970 μεθυσθείς
903 1892 964 1952 τοῦ
975 1884 1144 1971 νέκταρος,
1184 1878 1186 1885 ’

142 1980 230 2061 οἶνος
241 1982 305 2067 γὰρ
316 1974 478 2067 ούπωῆν,
502 1982 689 2061 είςτὸντού
699 1980 781 2061 Διὸς
792 1991 900 2069 κῆπον
911 1980 1076 2051 εἰσελθών
1087 1990 1140 2070 βε-

141 2082 327 2166 βαρημένος
345 2072 457 2164 ηύδεν.
491 2077 511 2164 ἡ
533 2074 597 2147 οὖν
608 2087 712 2147 Πενία
730 2079 992 2168 ἐπιβουλεύουσα
1009 2079 1064 2149 διὰ
1082 2079 1144 2167 τὴν

102 2188 122 2240 G
144 2175 245 2263 αὑτῆς
256 2174 398 2260 ἀπορίαν
409 2181 543 2245 παιδίον
553 2177 756 2263 ποιήσασθαι
767 2181 803 2247 ἐκ
815 2187 877 2247 τού
886 2180 1003 2263 Πύρου
1010 2230 1019 2263 ,
1043 2204 1145 2248 κατοι-

143 2280 290 2341 κλίνεταί
303 2299 337 2341 τε
348 2270 428 2357 παρ’
441 2272 596 2363 αὐτῷκαὶ
607 2277 725 2362 ἐκύησε
736 2274 936 2366 τόνἝρωτα.
971 2276 1022 2346 διδ
1037 2275 1078 2365 δὴ
1090 2281 1145 2346 καί

142 2380 199 2458 τῆς
213 2370 405 2459 Ἀφροδίτης
422 2371 611 2453 ἀκόλουθος
621 2376 675 2443 καὶ
686 2375 847 2463 θεράπων
857 2377 996 2463 γέγονεν
1007 2372 1145 2463 δ’Ἐρως,

141 2472 316 2555 γεννηθεὶς
327 2473 442 2550 ἐντοῖς
453 2475 579 2558 ἐκείνης
590 2479 789 2560 γενεθλίοις,
811 2476 867 2542 καὶ
877 2473 945 2561 ἅμα
956 2474 1055 2561 φύσει
1066 2478 1145 2562 ἐρα-

143 2564 220 2650 στὴς
233 2562 280 2632 νίν
290 2569 363 2655 περὶ
375 2570 411 2636 τδ
423 2570 543 2654 καλόν,
567 2573 622 2640 καὶ
634 2579 691 2658 τῆς
698 2570 894 2660 Ἀφροδίτης
910 2582 1012 2661 καλῆς
1029 2572 1142 2661 οὔσης.

142 2663 198 2733 ἅτε
220 2657 283 2731 ούυ
301 2666 417 2751 Πύρου
434 2670 489 2737 καί
504 2677 627 2749 Πενίας
648 2668 717 2749 υίὸς
734 2666 781 2738 σίν
799 2669 932 2759 ὁἝρως
950 2677 989 2741 ἐν
1005 2674 1145 2762 τοιαύτη

142 2761 224 2848 τύχη
237 2764 430 2850 καθέστηκε.
464 2769 670 2854 πρῶτονμὲν
680 2772 782 2856 πένης
793 2768 847 2838 αἐί
854 2773 922 2839 ἐστι
929 2820 938 2855 ,
950 2772 1006 2840 καὶ
1016 2778 1145 2840 πολλοῦ

21 2946 24 2953 Ι
143 2864 194 2928 δεῖ
207 2858 331 2940 ἁπαλός
346 2888 381 2930 τε
398 2866 452 2931 καὶ
470 2867 586 2949 καλός,
611 2861 683 2935 οἷον
704 2871 739 2936 οί
757 2871 873 2937 πολλοὶ
894 2878 1036 2957 οίονται,
1059 2868 1142 2939 ἄλλο

98 2969 119 3024 Ι)
141 2957 283 3047 σκληρὸς
292 2964 347 3028 καί
358 2959 524 3050 αὐχμηρὸς
534 2965 589 3031 καὶ
602 2963 811 3053 ἀνυπόδητος
821 2972 876 3036 καί
888 2966 1011 3053 ἄοικος,
1024 2995 1144 3056 χαμαι-

20 3040 37 3104 Έ
140 3055 238 3145 πετης
248 3055 299 3127 ἀεὶ
312 3058 362 3127 σίν
371 3063 426 3129 καί
437 3060 618 3150 ἄστρωτος,
630 3067 682 3134 ἐπὶ
695 3065 817 3152 θύραις
828 3069 883 3135 καὶ
893 3069 931 3134 ἐν
941 3063 1030 3147 ὁδοῖς
1041 3065 1145 3138 ύτιαί·

141 3166 239 3240 θριος
255 3160 476 3247 κοιμώμενος,
498 3160 561 3248 τὴν
575 3171 633 3249 τῆς
651 3162 773 3249 μητρὸς
784 3165 890 3251 φύσιν
901 3171 1002 3253 ἔχων,
1025 3165 1076 3237 ἀεὶ
1088 3172 1144 3237 ἐν-

20 3287 29 3311 ι-
141 3257 211 3340 δείμ
224 3254 382 3336 ξύνοικος.
407 3259 489 3326 κατὰ
501 3260 536 3328 δὲ
548 3253 593 3328 αὖ
604 3260 663 3330 τὸν
676 3267 800 3348 πατέρα
810 3265 986 3352 ἐπίβουλός
996 3270 1064 3335 ἐστι
1075 3282 1143 3347 τοῖς

20 3400 36 3519 k
139 3354 309 3427 καλοίςκαέ
319 3352 542 3441 τοίςᾶγαθοίς,
550 3353 818 3441 ἀνδρείοςύνκαέ
828 3366 959 3447 ίτηςκοιὶ
969 3364 1144 3447 σύντονος,
