2408 3780
142 194 184 258 36
503 191 790 250 ΠΛΑΊΏΝΟΣ
857 186 863 195 ’

143 354 274 424 σκόπει·
294 351 354 421 ε’άν
371 354 485 420 πλέονι
496 353 551 418 καὶ
563 351 712 419 ἐλάττονι
723 348 832 437 γρόνφ
844 356 1078 433 προστιθῶμεν
1089 348 1150 414 τὸν

144 463 217 520 ίσον
231 450 365 537 χρόνον,
378 441 442 532 άρα
451 456 498 536 τῷ
508 457 567 535 ίσφ
576 454 680 537 μορίφ
692 451 808 514 διοίσει
819 443 856 512 τό
868 450 969 514 πλέον
980 453 1042 513 τοῦ
1054 445 1152 513 έλάτ*

143 543 272 632 τονοςῆ
291 548 510 634 σμικροτέρφς
532 548 756 634 Σμικροτέρφ.
791 541 864 613 Οὐκ
882 542 947 629 άρα
963 548 1069 628 ἔσται,
1089 541 1153 609 ὅτλ

144 671 204 729 περ
215 643 252 712 τό
263 651 394 727 πρῶτον
403 635 447 730 ἦν
456 639 539 726 πρὸς
547 634 767 730 τάλλαὴλιπίᾳ
777 641 937 726 διαφέρον
945 639 980 709 τό
992 641 1038 727 έν,
1050 648 1149 708 τοῦτο

144 746 196 811 καί
210 749 256 821 είς
267 743 303 810 τό
316 747 442 826 ἔπειτα,
465 738 547 808 άλλά
560 749 635 808 ίσον
646 739 818 826 λαμβάνον
828 740 950 825 χρόνον
961 751 1028 816 τοῖς
1038 735 1151 817 ἄλλοις

145 847 282 909 ἔλαττον
299 837 349 906 άεὶ
366 846 406 927 τῇ
423 836 533 926 ἡλικίᾳ
552 842 667 905 διοίσει
683 833 794 904 αὐτῶν
810 831 832 922 ἦ
847 834 1024 918 πρότερον·
1050 830 1072 920 ἢ
1089 834 1149 916 οὔ;

18 992 29 1009 ι
107 957 127 1008 Ε
146 945 222 1006 Ναί.
260 934 397 1004 Οὐκοῦν
417 936 454 1003 τό
472 961 510 1021 γε
526 941 661 1003 έλαττον
679 936 838 1021 διαφέρον
854 931 964 1021 ἡλικία
982 933 1065 1017 πρός
1080 959 1113 1000 τι
1129 929 1151 1019 ἢ

145 1034 309 1118 πρότερον
330 1034 493 1118 νεώτερον
513 1030 652 1119 γίγνοιτ’
675 1027 718 1099 άν
739 1026 761 1117 ἢ
782 1034 819 1099 ἐν
836 1038 883 1120 τῷ
899 1028 1050 1114 πρόσθεν
1066 1027 1151 1115 πρὸς

145 1136 271 1218 ἐκεῖνα,
284 1129 366 1217 πρὸς
377 1127 399 1197 δ
409 1123 453 1217 ἦν
464 1129 690 1217 πρεσβύτερον
701 1128 880 1212 πρότερον;
892 1127 1079 1212 Νεάτερον.
1108 1134 1153 1195 Εἰ

146 1232 182 1300 δὲ
199 1233 305 1299 ἐκεῖνο
317 1227 497 1311 νεώτερον,
516 1225 578 1294 οάκ
591 1231 699 1295 ἐκεῖνα
709 1220 754 1294 αὖ
764 1221 868 1296 τάλλα
879 1223 962 1309 πρὸς
972 1221 1009 1293 τδ
1022 1228 1058 1293 ἓν
1069 1249 1150 1311 πρε-

146 1329 290 1415 σβύτερα
301 1323 323 1413 ἢ
335 1326 514 1411 πρότερον;
531 1324 630 1393 Πάνυ
640 1351 687 1409 γε.
714 1323 759 1393 Τό
772 1328 833 1411 μὲν
844 1325 1007 1408 νεώτερον
1017 1322 1083 1407 άρα
1093 1349 1150 1408 γε-

144 1423 244 1511 γονός
256 1424 484 1511 πρεσβύτερον
494 1430 639 1508 γίγνεται
650 1421 732 1506 πρὸς
742 1421 779 1491 τό
791 1421 954 1506 πρότερον
965 1423 1104 1507 γεγονός
1115 1447 1150 1488 τε

145 1526 200 1592 καί
213 1520 440 1609 πρεσβύτερον
451 1519 509 1606 όν,
522 1526 590 1588 ἐστι
601 1520 636 1587 δέ
648 1519 805 1587 οὐδέποτε
816 1521 1053 1606 πρεσβύτερον,
1066 1516 1149 1588 ἄλλά

144 1629 291 1707 γίγνεται
307 1618 357 1687 άεὶ
373 1624 502 1688 ἐκείνου
519 1618 760 1705 πρεσβύτερον·
780 1621 887 1686 ἐκεῖνο
904 1617 965 1704 μὲν
976 1618 1039 1702 γάρ
1051 1620 1102 1686 ἐπὶ
1113 1616 1149 1684 τό

80 1742 129 1796 155
146 1719 309 1801 νεώτερον
325 1721 510 1802 ἐπιδίδωσι,
531 1715 570 1784 τό
588 1715 619 1784 δ’
631 1718 683 1784 ἐπὶ
693 1713 730 1784 τό
743 1716 977 1804 πρεσβύτερον.
1013 1713 1049 1784 τό
1063 1713 1095 1784 δ’
1108 1708 1151 1784 αὖ

145 1815 371 1903 πρεσβύτερον
389 1822 449 1882 τοῦ
467 1818 630 1897 νεωτέρου
646 1814 810 1898 νεώτερον
825 1821 972 1899 γίγνεται
984 1812 1150 1892 ὡσαύτως.

146 1914 233 1981 ἰόντε
247 1910 312 1996 γάρ
324 1909 440 1979 αότοίν
451 1917 496 1989 εἰς
508 1909 544 1979 τὸ
557 1916 708 1979 ἐναντίον
719 1910 756 1979 τό
769 1916 921 1979 ἐναντίον
932 1909 1090 1998 ἀλλήλοιν
1099 1921 1152 1996 γί-

144 2019 307 2095 γνεσθον,
329 2008 367 2076 τό
385 2010 447 2095 μὲν
465 2010 629 2094 νεώτερον
646 2009 873 2094 πρεσβύτερον
891 2016 951 2076 τοῦ
971 2011 1152 2097 πρεσβυτέ-

146 2133 224 2194 ρου,
246 2105 283 2174 τὸ
302 2106 339 2175 δὲ
355 2108 581 2193 πρεσβύτερον
597 2105 763 2190 νεώτερον
782 2113 843 2173 τοῦ
854 2110 1036 2195 νεωτέρου·
1058 2109 1151 2193 γενέ-

147 2214 228 2271 σθαι
243 2205 279 2272 δὲ
296 2202 359 2270 οὐκ
376 2200 420 2270 άν
431 2208 489 2271 οίω
500 2231 535 2272 τε
547 2214 645 2292 είτην.
676 2209 707 2271 εί
716 2201 779 2288 γάρ
791 2207 957 2289 γένοιντο,
977 2202 1040 2272 οὐκ
1051 2201 1095 2272 άν
1106 2209 1152 2272 ἔτι

147 2309 314 2386 γίγνοιντο
326 2297 401 2367 ἀλλ’
414 2298 480 2367 εἶεν
494 2299 538 2368 άν
545 2351 554 2384 ,
566 2308 632 2367 νῦν
643 2298 680 2367 δὲ
690 2309 861 2386 γίγνονται
872 2301 934 2388 μέν
945 2303 1152 2390 πρεσβύτερα

147 2399 300 2486 ἀλλήλων
311 2401 365 2465 καὶ
377 2396 537 2483 νεώτερα·
555 2397 593 2465 τό
605 2397 666 2484 μὲν
677 2401 714 2466 ἓν
726 2406 794 2467 των
804 2398 916 2467 άλλων
927 2400 1091 2484 νεωτερον
1101 2406 1152 2486 γί-

146 2523 276 2582 γνεται,
289 2495 340 2564 ὅτι
351 2497 580 2582 πρεσβύτερον
591 2496 698 2581 ἐφάνη
711 2491 751 2564 ὂν
762 2498 817 2564 καὶ
830 2496 992 2584 πρότερον
1002 2498 1152 2586 γεγονός,

110 2612 130 2660 Β
147 2591 186 2660 τὰ
198 2593 234 2661 δέ
244 2592 329 2660 ἄλλα
338 2601 400 2660 τοῦ
411 2590 485 2670 ένὸς
495 2591 713 2680 πρεσβύτερα,
725 2592 777 2660 ότι
788 2593 910 2679 ὕστερα
922 2599 1047 2680 γέγονε.
1069 2594 1152 2664 κατὰ

147 2693 183 2760 δὲ
194 2688 254 2759 τὸν
265 2688 371 2758 αὐτὸν
381 2691 483 2775 λόγον
495 2691 550 2758 καί
560 2681 662 2758 τάλλα
672 2689 760 2757 οὕτω
771 2690 856 2776 πρὸς
865 2691 902 2759 τὸ
913 2695 950 2760 ἓν
960 2703 1053 2780 ίσχει,
1065 2698 1154 2762 ἐπει-

148 2789 188 2874 δή
207 2814 268 2872 περ
285 2787 391 2856 αὐτοῦ
410 2789 616 2876 πρεσβύτερα
633 2787 739 2876 ἐφάνη
754 2792 809 2856 καὶ
826 2787 971 2873 πρότερα
982 2792 1152 2876 γεγονότα.

148 2893 302 2955 Φαίνεται
323 2882 388 2970 γάρ
412 2879 476 2953 οὖν
497 2884 613 2964 οὕτως.
648 2884 785 2955 Οὐκοῦν
806 2879 905 2974 ,ἦμέν
922 2886 1022 2956 οὐδὲν
1040 2890 1154 2973 ἕτερον

147 2986 262 3068 ἑτέρον
272 2983 498 3071 πρεσβύτερον
510 2992 657 3071 γίγνεται
668 2983 745 3052 οὐδὲ
757 2984 937 3072 νεώτερον,
951 2985 1033 3055 κατά
1043 2983 1079 3055 τό
1093 2995 1153 3075 ίσφ

146 3082 282 3171 ἀριθμῷ
298 3081 452 3168 ἀλλήλων
468 3080 519 3150 άεὶ
538 3085 724 3169 διαφέρειν,
749 3081 827 3150 οὔτε
843 3083 881 3150 τό
900 3086 938 3150 ἓν
954 3091 1022 3152 τόν
1043 3084 1154 3152 ἄλλων

147 3182 375 3269 πρεσβύτερον
391 3179 532 3268 γίγνοιτ’
543 3176 588 3249 άν
598 3179 676 3249 οὐδὲ
687 3181 867 3266 νεάτερον,
890 3177 967 3248 οὔτε
978 3175 1080 3250 τᾶλλα
1092 3183 1154 3249 τοῦ

148 3279 236 3357 ἑνός·
256 3271 280 3367 ᾗ
297 3280 332 3348 δέ
352 3278 441 3370 άλλφ
453 3278 503 3349 άελ
521 3287 627 3370 μορίφ
639 3283 809 3365 διαφέρειν
819 3276 947 3365 ἀνάγκη
959 3277 998 3346 τά
1009 3280 1154 3365 πρότερα

113 3386 217 3445 θεῶν
240 3374 389 3462 ὑστέρων
410 3378 575 3463 γενόμενα
597 3376 712 3447 καὶτὰ
736 3375 860 3462 ὕστεροι
882 3383 950 3444 τῶν
970 3381 1152 3464 προτέρων,
