2408 3780
380 182 732 241 ΠΑΡΜΕΝΙΔΗΣ.
1019 182 1058 247 47

55 338 96 428 μὴ
110 340 254 425 εἶναίτι,
278 340 347 419 πῶς
358 336 421 407 οὐκ
433 338 519 408 εἷναί
529 366 639 427 φαμεν
656 339 753 428 αὐτό,
776 342 846 421 ποάς
863 343 898 410 δέ
917 342 1015 425 sivan
1037 340 1060 431 ἢ

55 446 152 508 τοῦτο
171 437 208 507 τὸ
228 437 272 526 μὴ
290 443 357 506 ἔστι
367 439 549 525 λεγόμενον
560 436 670 519 ἁπλῶς
682 447 833 526 σημαίνει
842 439 894 509 ότι
906 440 1059 528 οὐδαμῶς

54 533 189 624 οὐδαμῇ
200 541 290 605 ἔστιν
297 535 377 606 οὐδέ
386 562 432 624 πη
441 539 565 624 μιτέχει
574 536 688 616 οὐσίας
695 538 733 606 τό
741 565 778 624 γε
789 539 833 625 μὴ
844 537 900 616 όν;
919 539 1060 610 Ἀπλοό-

56 656 160 703 στατα
172 636 235 720 μὲν
245 627 317 702 οὐν.
350 634 435 704 Οὔτε
454 634 518 721 ἀρα
530 634 613 703 εἶναι
625 636 758 704 δύναιτο
771 632 815 703 ἀν
825 635 862 704 τό
875 637 919 723 μὴ
931 634 972 705 ἀν
983 637 1060 706 οὔτε

55 732 164 811 ἀλλοις
176 730 329 821 οὐδαμοῖς
341 731 455 813 οὐσίας
466 736 619 821 μετέχειν.
655 733 706 801 Οὐ
728 735 801 818 γάρ.
839 732 883 802 Τό
903 733 1098 823 δδγίγνε-Ι)

56 841 138 899 σθαι
149 835 205 898 καὶ
215 832 251 899 τό
264 830 475 901 ἀπόλλυσθαι
485 835 530 920 μη’
542 859 572 901 τι
584 830 664 901 ἀλλο
676 826 707 921 ᾗ,
719 827 741 919 ἦ
752 831 789 900 τό
804 834 864 919 μέν
875 831 990 914 οὐσίας
1001 860 1059 920 μεη

55 928 297 1017 ταλαμβάνειν,
320 928 356 998 τό
369 929 400 997 δ’
413 928 597 1000 ἀπολλύναι
608 929 742 1013 οὐσίαν;
765 929 876 999 Οὐδὲν
892 932 982 1001 ἀλλο.
1007 925 1060 1000 Ὧι

57 1034 94 1096 δέ
115 1053 154 1113 γε
175 1026 278 1114 μηδὲν
297 1029 419 1097 τούτου
447 1033 611 1117 μέτεστιν,
641 1027 714 1097 οὐτ’
736 1025 779 1097 ἀν
802 1030 964 1118 λαμβάνοι
984 1027 1059 1098 οὐτ’

58 1126 222 1196 ἀπολλύοι
244 1124 336 1195 αὐτό.
368 1136 446 1208 Πῶς
465 1129 546 1214 γόης
573 1136 627 1218 Τῷ
644 1131 692 1196 ἑνὶ
704 1125 785 1213 ἀρα,
807 1127 917 1216 ἐπειδὴ
930 1127 1060 1218 οὐδαμῇ

59 1232 163 1311 ἔστιν,
185 1222 265 1294 οὐθ’
285 1227 397 1294 ἑκτέον
412 1223 489 1294 οὐτε
506 1225 734 1296 ἀπαλλακτέον
749 1225 827 1294 οὔτε
837 1230 1060 1314 μεταληπτέον

57 1324 175 1403 οὐσίας
184 1322 346 1413 οὐδαμῶς.
368 1326 477 1404 Είκός.
508 1324 593 1394 οὐτ’
604 1324 660 1410 ἀρ’
673 1323 855 1394 ἀπόλλυται
865 1323 902 1393 τό
915 1324 958 1412 μὴ
972 1322 1012 1393 ἀν
1023 1329 1060 1393 ἓν

58 1423 136 1491 οὐτε
147 1429 310 1509 γίγνεται,
332 1425 464 1508 ἐπείπερ
482 1420 612 1511 οὐδαμῇ
629 1429 752 1511 μετέχει
770 1423 894 1503 οὐσίας.
917 1422 969 1491 Οὐ
981 1432 1060 1509 φαί-

58 1547 158 1589 νεται.
182 1517 265 1590 Οὐδ’
277 1517 333 1607 ἀρ’
347 1519 536 1589 ἀλλοιοῦται
549 1521 695 1610 οὐδαμῇ·
706 1524 771 1609 ἤδη
782 1524 845 1609 γὰρ
858 1518 901 1589 ἀν
912 1525 1059 1607 γίγνοιτό
1078 1542 1096 1594 Ε

58 1646 92 1689 τε
102 1621 159 1689 καί
169 1617 369 1687 ἀπολλύοιτο
381 1627 479 1688 τοῦτο
492 1620 628 1708 πάσχον.
658 1621 790 1708 Ἀληθῆ.
823 1627 867 1689 Ec
884 1621 919 1688 δὲ
937 1618 981 1706 μὴ
1000 1619 1060 1689 ἀλ-

60 1727 224 1803 λοιοῦται,
246 1717 309 1787 οὐκ
330 1716 458 1807 ἀνάγκη
483 1721 564 1809 μηδὲ
585 1731 766 1801 κινεῖσθαις
785 1717 936 1806 Ἀνάγκη.
972 1717 1060 1788 Οὐδὲ

60 1816 127 1905 μὴν
137 1818 271 1886 ἑστάναι
282 1818 434 1906 φήσομεν
450 1817 486 1888 τό
499 1825 654 1908 μηδαμοῦ
665 1819 713 1888 όν.
737 1816 773 1887 τό
786 1816 851 1904 ηάρ
862 1816 955 1897 ἑστός
966 1821 1003 1886 έν
1015 1826 1059 1906 τῷ

10 1946 14 1989 ·.
61 1915 150 2007 αὐτῷ
161 1918 227 1986 τινὶ
238 1914 347 1986 δεῖἀεί
360 1915 452 1985 εἶναι.
483 1926 538 2008 Τῷ
548 1919 652 2010 αὐτῷ·
671 1928 740 1999 πῶς
750 1917 813 2006 γάρ
825 1917 881 1996 οὐ;
905 1916 1004 1986 Οὕτω
1019 1919 1060 2004 δη

10 2068 16 2097 ,-
62 2015 142 2085 αὐτό
161 2015 206 2104 μὴ
225 2011 267 2084 ἀν
282 2017 363 2103 μήτε
379 2015 461 2084 ποθ’
481 2019 614 2086 ἑστάναι
629 2018 709 2105 μήτε
726 2027 892 2085 κινεῖσθαι
903 2022 1059 2103 λέγωμεν.

10 2136 17 2209 ζ
65 2113 122 2202 Μὴ
131 2107 282 2202 γάρούν.
313 2111 411 2183 Ἀλλά
423 2115 489 2203 μὴν
500 2114 574 2184 οὐδ’
595 2121 662 2184 ἔστι
671 2143 709 2202 γε
720 2113 811 2206 αὐτῷ
822 2142 853 2182 τι
864 2122 931 2182 τῶν
942 2113 1059 2183 όντων.

15 2234 20 2265 '·
63 2213 124 2302 ἤδη
141 2212 206 2301 γὰρ
224 2213 268 2282 ἀν
283 2239 345 2282 του
361 2217 497 2300 μετέχον
515 2215 609 2293 ὄντος
632 2215 747 2293 οὐσίας
769 2218 903 2300 μετέχοι.
935 2223 1060 2302 Δῆλον.
1079 2236 1128 2291 164

63 2313 147 2382 Οὔτε
158 2313 223 2397 ἀρα
233 2315 374 2399 μέγεθος
385 2310 461 2381 οὐτε
472 2313 648 2400 σμικρότης
659 2312 736 2380 οὐτε
745 2313 854 2398 ίσότης
863 2310 951 2402 αὐτῷ
962 2319 1059 2381 ἔστιν.

64 2410 113 2481 Οὐ
122 2411 196 2499 yde.
220 2409 308 2481 Οὐδὲ
319 2413 385 2499 μὴν
395 2409 549 2500 ὁμοιότης
559 2441 596 2500 γε
608 2411 686 2481 οὐδὲ
695 2413 877 2498 ἑτεροιότης
889 2410 966 2479 οὔτε
978 2410 1060 2495 πρὸς

24 2600 28 2605 Ι
64 2509 141 2579 αὐτὸ
155 2508 326 2597 οὐτεπρός
338 2509 423 2579 ἀλλα
436 2521 484 2599 είη
501 2507 545 2579 ἀν
556 2511 656 2603 αὐτῷ.
688 2509 741 2581 Οὐ
758 2517 918 2597 φαίνεται.
953 2517 995 2577 Τί
1009 2514 1060 2586 δός

63 2604 162 2679 τάλλα
175 2609 248 2679 ἔσθ’
263 2608 352 2690 ὅπως
368 2606 412 2679 ἀν
429 2621 478 2698 είη
496 2610 602 2703 αὐτῷ,
626 2618 657 2680 εί
671 2613 773 2698 μηδὲν
790 2608 880 2701 αὐτῷ
893 2615 945 2678 δεῖ
958 2608 1058 2690 είναι;

63 2708 132 2778 Οὐκ
148 2715 246 2779 ἔστιν.
279 2709 364 2780 οὐτ’
388 2708 444 2796 ἀρ’
469 2709 567 2796 ὅμοια
583 2708 660 2778 οὐτε
676 2709 835 2798 ἀνόμοια,
858 2709 935 2778 οὔτε
956 2709 1058 2777 ταύτά

61 2808 137 2876 οὐδ’
151 2809 247 2897 ἕτερά
257 2812 348 2877 ἐστιν
357 2807 447 2899 αὐτῷ
458 2807 498 2876 τά
510 2807 601 2878 ἀλλα.
632 2808 684 2880 Οὐ
695 2810 767 2897 γάρ.
800 2817 843 2878 Τί
851 2813 889 2877 δέ
894 2838 903 2891 ;
925 2807 963 2876 τό
976 2814 1060 2877 ἐκεί-

63 2932 122 2976 νου
132 2905 154 2996 ἢ
166 2906 202 2976 τὸ
216 2911 347 2999 ἐκείνη),
359 2904 382 2994 ἢ
392 2906 430 2976 τό
441 2914 488 2994 τί,
499 2904 522 2996 ἢ
534 2906 569 2978 τό
581 2918 680 2980 τοῦτο
692 2905 759 2997 ἧτὸ
773 2909 909 2985 τούτου,
921 2901 943 2993 ἢ
954 2906 1060 2975 ἀλλον

60 3001 203 3097 ἢάλλῳ,
225 3002 341 3094 ἢποτδ
360 3003 382 3092 ἢ
400 3011 510 3074 ἔπειτα
528 3002 551 3093 ἦ
569 3016 651 3094 νῦν,
673 3003 696 3095 ἢ
713 3009 871 3092 ἐπιστήμη
894 3001 915 3089 ἢ
937 3006 1016 3083 δόξα
1038 3001 1060 3091 ἢ
1079 3026 1097 3072 13

29 3130 32 3135 ·
61 3115 215 3194 αίσθησις
230 3102 250 3193 ἢ
270 3105 368 3192 λόγος
383 3101 406 3193 ἢ
422 3103 527 3192 όνομα
537 3101 560 3193 ἢ
571 3105 651 3176 ἀλλο
662 3103 776 3175 ὁτιοῦν
788 3113 856 3172 τῶν
867 3102 975 3171 όντων
987 3105 1061 3187 περὶ

61 3200 94 3272 τό
105 3202 149 3293 μὴ
161 3200 203 3274 ἀν
214 3210 320 3285 ἔσταις
344 3200 417 3273 Οὐκ
431 3208 532 3274 ἔσται.
562 3205 661 3273 Οὕτω
681 3205 721 3290 δη
740 3206 777 3270 ἓν
791 3199 853 3268 οὐκ
872 3194 912 3267 όν
923 3197 984 3266 οὐκ
996 3206 1059 3286 ἔχει

63 3327 127 3385 πως
137 3300 279 3392 οὐδαμῇ.
302 3301 439 3371 Οὐιτονν
451 3301 492 3389 δὴ
505 3307 592 3371 ἔοικέ
600 3328 638 3386 γε
650 3298 779 3389 οὐδαμῇ
791 3304 885 3385 ἔχειν.

139 3406 251 3472 xxvi.
286 3399 355 3469 ’Ἐτι
367 3399 407 3487 δη
420 3405 583 3488 λέγοιμεν,
607 3403 643 3467 ἓν
664 3405 694 3468 εί
709 3396 751 3489 μη
771 3402 859 3486 ἔστι,
876 3396 921 3465 τά
939 3395 1073 3466 ἄλλατί
