2408 3780
35 175 76 233 69
439 165 667 224 ΦΑΙΔΡΟΣ.
988 163 1050 228 207

37 355 97 416 μοι
110 330 200 396 δοκῶ
212 333 445 411 κατακεῖσθαι,
458 320 501 391 σύ
514 321 544 390 θ’
558 325 595 390 ἐν
606 319 708 413 ὁποίφ
721 322 859 411 σχήματι
872 333 933 394 οίει
945 327 1049 415 ῥᾷστα

37 425 317 516 ἀναγνῶσεσθαι,
327 421 427 492 τοῦθ’
440 422 594 508 ἑλόμενος
605 419 842 508 ἀναγίγνωσκε.

128 530 218 592 ΦΑΙ.
243 520 364 589 ’Ἀκουε
378 518 426 606 δή.

127 628 170 693 v]
222 620 306 706 Περὶ
321 621 382 706 μὲν
392 625 461 686 τῶν
472 619 560 703 ἐμῶν
572 616 775 704 πραγμύτων
786 621 841 686 ἐπί
826 624 971 706 ίστασαι,
993 623 1048 688 καὶ

35 719 85 802 ῶς
102 724 224 807 νομίζω
242 720 426 804 συμφέρειν
443 713 524 802 ἡμῖν
540 722 730 802 γενομένων
747 741 877 786 τουτων
887 742 1046 806 ακηκοας

35 819 123 901 ἀξιῶ
140 819 175 887 δὲ
193 844 237 904 μη
227 813 310 885 διὰ
329 823 427 883 τοῦτο
443 812 603 901 ἀτυχῆσαι
620 806 669 882 ῶν
681 815 854 903 θέομαι,”
834 841 885 884 οτι
896 814 957 884 ούκ
970 820 1046 901 ἐρα·
1065 828 1114 884 231

35 914 120 1005 στης
132 914 180 984 ῶν
190 934 253 983 σου
264 913 425 1000 τυγχάνω.
459 910 504 991 ῶς
514 916 650 992 ἐκείνοις
660 913 769 1000 μὲν
731 938 805 982 τοτε
817 916 987 1000 μεταμέλει
999 907 1048 983 ῶν

35 1006 136 1084 ἀνεύ
126 1011 345 1133 ποιήσωσιν,
357 1007 542 1080 ἐπειδαν
502 1036 560 1097 της
570 1013 710 1097 ἐπιθυμ
709 1037 747 1090 ας
758 1010 965 1083 παυσωνται
980 1029 1047 1094 τοῖς

35 1114 76 1183 δὲ
92 1108 157 1181 ούιι
175 1116 243 1180 ἔστι
260 1110 397 1197 χρόνος,
413 1099 497 1177 ἐν
468 1133 494 1199 φ
508 1115 716 1195 μεταγνῶναι
727 1111 895 1198 προσήκει.
930 1111 971 1182 ού
982 1111 1046 1199 γάρ

37 1206 101 1279 ὑπ’
113 1235 261 1296 αναγκης
271 1205 345 1277 αλλ
359 1204 541 1294 ἑκόντες,
517 1233 562 1287 ως
571 1234 615 1274 αν
625 1206 742 1293 αριστα
753 1212 827 1294 περὶ
837 1237 934 1280 τωνο
937 1218 1047 1280 ίκείων

35 1308 298 1396 βουλεύσαιντο,
313 1308 396 1392 πρὸς
406 1303 468 1393 τὴν
480 1303 670 1392 δύναμιν
634 1332 696 1393 την
707 1305 818 1376 αύτῶν
830 1301 869 1376 εύ
882 1317 1044 1378 ποιοῦσιν.

38 1414 90 1476 ἔτι
110 1405 147 1475 δὲ
158 1409 192 1475 οί
202 1406 263 1492 μὲν
274 1410 414 1492 ἐρῶντες
425 1413 607 1474 σκοποῦσιν
619 1403 686 1475 ύτε
696 1414 805 1487 κακῶς
816 1411 966 1477 διέθεντο
979 1417 1046 1478 τῶν

37 1501 157 1573 αύτῶν
174 1501 228 1572 διά
246 1501 306 1573 τόν
318 1509 424 1595 ἔρωγα
436 1504 490 1571 καὶ
501 1500 522 1570 ἀ
533 1503 752 1589 πεποιήκασιν
763 1496 817 1590 εύ,
840 1508 896 1572 καὶ
907 1501 947 1573 ὃν
959 1504 1046 1591 εἰχον

37 1602 151 1671 πόνον
167 1605 401 1689 προστιθέντες
412 1597 572 1687 ηγούνται
583 1599 684 1668 πύλαι
694 1598 757 1686 την
769 1599 864 1680 ἀξίαν
874 1600 1045 1671 ἀποδεύω-
1064 1609 1083 1660 Β

36 1704 136 1769 κέναι
151 1699 249 1787 χάριν
265 1712 334 1778 τοῖς
350 1702 541 1785 ἐρωμένοις·
559 1711 627 1777 τοῖς
645 1696 680 1766 δὲ
696 1699 740 1784 μη
759 1702 880 1785 ἐρῶσιν
896 1699 973 1769 ούτε
984 1700 1045 1787 τὴν

34 1807 107 1869 τῶν
116 1805 250 1868 οίκείωυ
260 1796 415 1886 ἀμέλειαν
428 1795 482 1866 διὰ
493 1805 592 1866 τοῦτο
603 1804 671 1867 ἔστι
682 1804 955 1888 προφασίζεσθαι,
968 1799 1046 1868 οὔτε

33 1896 119 1979 τούς
147 1896 421 1984 παρεληλυθότας
442 1896 568 1977 πόνους
589 1893 859 1984 ὑπολογίζεσθαι,
889 1896 966 1966 ούτε
988 1897 1046 1978 τάς

35 1995 126 2083 πρύς
136 1993 215 2076 τούς
225 1995 454 2083 προσήκοντας
466 1992 627 2083 διαφορᾶς
637 1996 865 2064 αι’τιύσασθαι·
889 1994 974 2064 ῶστε
985 2021 1046 2064 πε-

34 2098 250 2183 ριηρημένων
266 2095 438 2164 τοσούτων
455 2101 567 2162 κακῶν
584 2091 684 2163 οὐδὲν
700 2090 911 2164 ὑπολείπεται
928 2092 1003 2164 ἀλλ’
1025 2090 1047 2182 ἢ

34 2206 149 2263 ποιεῖν
157 2192 353 2281 προθύμως,
365 2190 386 2261 ὅ
396 2218 426 2260 τι
437 2187 481 2260 ἀν
492 2192 603 2272 αύτοίς
614 2202 748 2261 ολωνται
760 2193 942 2281 πρύξαντες
951 2218 1047 2280 χαρι-

34 2302 157 2363 εῖσθαι.
192 2298 240 2362 ἔτι
257 2295 293 2362 δὲ
309 2299 339 2362 εί
354 2290 408 2361 ow}
419 2301 518 2362 τοῦτο
529 2292 623 2374 ἀξιον
634 2290 712 2372 τούς
723 2298 867 2377 ἐρῶντας
878 2295 953 2380 περὶ
964 2302 1047 2362 πολ·
1066 2298 1085 2349 ⁰

34 2398 99 2459 λσύ
117 2401 303 2477 ποιεῖσθαι,
329 2389 380 2459 ὅτι
397 2391 536 2471 τούτους
553 2391 694 2477 μάλιστά
711 2409 793 2478 φασι
810 2401 919 2478 φιλεῖν
938 2383 986 2458 ῶν
1003 2388 1046 2458 ἀν

35 2490 149 2577 ἐρῶσι,
161 2492 217 2557 καὶ
228 2489 355 2577 ἕτοιμοί
363 2495 425 2557 είσι
436 2490 490 2557 καί
501 2492 537 2556 ἐκ
548 2496 617 2556 τῶν
626 2487 737 2575 λόγων
748 2492 804 2556 καί
815 2494 850 2558 ἐκ
862 2496 929 2557 τῶν
939 2493 1046 2575 ἔργων

35 2600 105 2668 τοῖς
129 2584 244 2668 ἀλλοις
264 2585 532 2676 ἀπεχθανόμενοι
558 2601 625 2667 τοῖς
646 2590 823 2674 ἐρωμένοις
843 2593 1044 2675 χαρίζεσθαι,

35 2685 156 2777 ῥᾴδιον
166 2693 305 2774 γνῶναι,
320 2691 351 2755 εί
359 2685 472 2774 ἀληθῆ
482 2689 646 2774 λέγουσιν,
659 2684 734 2772 οἵγ’
747 2683 839 2754 ύσωυ
850 2681 893 2753 ἀν
904 2684 1046 2772 ὕστερον

37 2786 248 2871 ἐρασθῶσιν,
271 2789 418 2864 ἐκείνους
440 2781 553 2852 αὐτῶν
574 2787 649 2869 περὶ
669 2792 822 2864 πλείονος
842 2784 1047 2905 ποιήσονται,
1138 2850 1141 2857 .

36 2887 91 2953 καί
101 2883 239 2971 δῆλον”
219 2911 279 2972 οτι,
292 2882 351 2954 ἐάν
363 2888 432 2953 ἐκεί
417 2891 500 2963 ίνοις
511 2887 605 2972 δοκῇ,
617 2884 671 2951 καὶ
681 2882 821 2963 τούτους
830 2890 941 2962 κακῶς
950 2881 1048 2969 ποιή-

38 3000 146 3055 σουσι.
180 2988 237 3051 καί
252 3009 303 3052 τοι
315 2991 384 3062 πῶς
395 2982 483 3062 είκύς
493 2984 560 3050 ἐστι
570 2989 725 3049 τοιοῦτον
735 2988 871 3067 πρᾶγμα
882 2981 1094 3065 προέσθαι
1098 2976 1144 3071 '3³³

38 3080 197 3167 τοιαύτην
208 3085 316 3166 ἔχοντι
328 3078 523 3167 συμφοράν,
541 3077 585 3166 ἣν
596 3075 708 3148 0136*
686 3106 729 3148 αυ
740 3078 975 3165 ἐπιχειρησειεν
986 3072 1102 3147 ού-Ιλ
1107 3100 1117 3137 ι

10 3194 12 3199 ·
40 3178 102 3259 θεὶς
118 3174 320 3266 ἔμπειρος”
292 3205 341 3246 ων
358 3176 572 3264 ἀποτρέπειν;
595 3176 703 3246 καὶ
664 3203 728 3264 γαρ
739 3172 833 3245 αύτολ
845 3173 1048 3262 ὁμολογοῦσι
1096 3174 1102 3187 ’

40 3286 150 3345 νοσεῖν
169 3271 337 3365 μάλλου”
315 3304 336 3363 η
349 3290 555 3363 σωφρονεῖν,
577 3279 633 3344 καὶ
645 3272 797 3345 είδέναι“
778 3301 828 3344 οτι
839 3279 948 3350 κακῶς

10 3388 21 3419 ’·
42 3380 174 3462 νυύσιν,
197 3371 270 3442 ἀλλ’
291 3370 332 3441 ού
350 3374 518 3443 δύνασθαι
537 3369 648 3442 αὑτῶν
660 3388 808 3461 κρατεῖν·
829 3370 912 3442 ῶστε

10 3498 18 3585 λ
