2408 3780
60 205 93 256 15
385 196 717 267 ΑΛΚΙΒΙΑΔΗΣ.
1001 197 1064 265 285

59 361 130 423 νῶν
140 358 195 424 καὶ
213 357 258 441 μή
265 407 274 440 ,
294 353 376 422 ὥστε
395 352 450 422 διά
461 360 565 421 ταῦτα
576 354 742 440 μάχεσθαί
749 381 784 422 τε
795 356 851 424 καί
861 355 1063 425 ἀποκτιννύ-

57 479 113 519 ναι
124 450 296 541 ἀλλήλους.

142 560 213 619 ΑΛ.
250 548 301 619 Οὐ
318 556 406 637 δῆτα.

142 657 218 717 ΣΩ.
248 647 344 717 Ἀλλά
356 652 431 734 περὶ
442 657 511 717 τοῖν
522 654 660 717 δικαίων
673 653 728 718 καλ
746 648 871 719 άδίκων
883 657 985 736 ἔγωγε
996 649 1061 719 οἷδ’

57 749 119 836 ὅτι,
132 753 186 818 καλ
199 755 230 818 εί
241 750 285 836 μη
305 750 469 834 ἕάρακας,
492 746 638 836 άκήκοας
655 758 741 835 γοῦν
752 747 866 817 άλλων
875 776 910 817 τε
928 757 1061 817 πολλῶν
1092 760 1113 811 Β

57 846 273 935 καὶΌμηηου.
303 849 358 914 καὶ
367 845 556 926 Ὀδυσσείας
565 845 631 933 γάρ
641 849 696 916 καὶ
706 845 846 927 Ἰλιάδος
858 846 1012 934 άκηκοας.

145 954 214 1014 ΑΛ.
249 945 391 1024 Πάντως
402 945 443 1032 δή
455 970 537 1034 που,
551 939 773 1032 άΣάκρατες.

142 1051 216 1111 Σίλ.
252 1042 390 1112 Οὐκοῦν
409 1053 513 1112 ταῦτα
532 1044 695 1132 ποιήματά
713 1048 781 1114 ἐστι
802 1047 877 1130 περὶ
899 1049 1062 1131 διαφοράς

57 1147 195 1209 δικαίων
205 1167 240 1209 τε
251 1144 306 1209 καὶ
316 1140 458 1223 άδίκων;

141 1248 212 1308 ΑΛ.
247 1246 324 1309 Ναί.

142 1346 218 1407 Σίδ.
252 1343 318 1407 Καὶ
339 1345 376 1408 αί
393 1341 495 1427 μάχαι
514 1367 553 1426 γε
573 1344 628 1409 καὶ
651 1346 685 1410 οί
698 1342 842 1411 θάνατοι
864 1343 918 1411 διά
934 1342 1060 1426 ταύτην

56 1437 118 1522 τὴν
141 1436 308 1524 διαφοράν
329 1453 397 1518 τοῖς
418 1466 453 1508 τε
470 1437 610 1526 Ἀχαιοῖς
629 1444 685 1509 καὶ
706 1455 774 1521 τοῖς
796 1440 906 1520 ἄλλοις
929 1441 1060 1523 Τρωσὶν

57 1538 227 1623 ἐγένοντο,
249 1539 304 1605 καὶ
314 1552 383 1618 τοῖς
392 1546 576 1626 μνηστῆρσι
593 1553 661 1619 τοῖς
670 1546 730 1627 τῆς
739 1539 938 1626 Πηνελόπης
948 1541 1003 1607 καὶ
1013 1547 1061 1628 τῷ

51 1634 211 1703 Ὀδυσσεῖ.

140 1741 212 1801 ΑΛ.
243 1732 367 1821 Ἀληθῆ
380 1738 492 1819 λέγεις.
1095 1746 1114 1797 c

141 1839 216 1899 Σίδ.
252 1831 352 1919 Οἶμαι
373 1833 409 1901 δὲ
430 1836 570 1913 καὶτοῖς
587 1837 624 1902 ἐν
644 1834 801 1924 Τανάγρᾳ
821 1832 1009 1921 Ἀθηναίων
1026 1860 1061 1901 τε

57 1932 112 1999 καὶ
127 1936 400 2018 Λακεδαιμονίαν
417 1934 473 2001 καὶ
491 1939 648 2001 Βοιωτῶν
664 1930 895 2019 ἀποθανοῦσι,
917 1937 972 2001 καὶ
993 1946 1062 2012 τοϊς

58 2028 202 2115 ὕστερον
218 2033 256 2098 ἐν
266 2038 441 2122 Κορωνείᾳ
447 2081 457 2116 ,
480 2033 517 2099 ἐν
539 2026 588 2110 οἷς
605 2032 660 2100 καλ
676 2027 694 2099 ὁ
713 2029 771 2110 σδς
789 2030 896 2117 πατηρ
907 2037 1062 2111 Κλεινίας

55 2129 282 2216 ἐτελεύτησεν,
306 2128 385 2198 οὐδὲ
402 2131 478 2214 περὶ
489 2127 563 2208 ἑνὸς
577 2128 682 2199 άλλου
693 2126 713 2215 ἡ
726 2131 870 2215 διαφορά
881 2125 903 2216 ἦ
915 2132 1062 2216 περὶτοῦ

57 2231 189 2294 δικαίου
200 2232 253 2295 καλ
270 2225 388 2296 άδίκου
398 2228 478 2308 τους
488 2229 660 2308 θανάτους
670 2231 726 2297 καὶ
736 2228 795 2308 τάς
805 2228 911 2315 μάχας
921 2236 1060 2316 πεποίη-

56 2350 123 2392 mv.
146 2316 259 2411 ἦνᾶοι

140 2431 212 2490 ΑΛ.
240 2421 367 2511 Ἀληθῆ
377 2427 490 2512 λέγεις.

140 2527 215 2591 Σίδ.
252 2521 399 2603 Τούτους
410 2515 473 2593 οὖν
485 2532 602 2612 φάμεν
612 2527 819 2611 ἐπίστασθαι,
826 2528 901 2612 περὶ
913 2517 962 2594 dv
972 2523 1061 2594 οὕτω

56 2619 190 2707 σφόδρα
202 2625 432 2708 διαφέρονται,
455 2620 540 2692 ὥστε
550 2621 836 2712 ἀμφισβητοῦντες
850 2622 1003 2711 άλλήλοις
1018 2624 1059 2695 τά
1076 2635 1098 2687 Ι)

56 2723 175 2805 ἔσχατα
187 2726 276 2806 σφᾶς
290 2719 413 2801 αὐτοὺς
424 2722 632 2808 ίργάζονταις

141 2825 211 2885 ΑΛ.
247 2819 297 2886 Οὐ
306 2827 462 2906 φαίνεταί
469 2846 517 2907 γε.

141 2921 216 2983 Σίλ.
253 2914 392 2985 Οὐκοῦν
404 2923 450 2998 εἰς
461 2918 540 2998 τοὺς
555 2920 728 3002 τοιούτους
746 2923 966 3000 διδασκάλους
976 2918 1060 2989 oiva-

56 3014 179 3100 φέρεις,
192 3011 252 3094 οὓς
263 3012 434 3104 ὁμολογεῖς
445 3016 545 3098 αὐτὸς
554 3017 599 3106 μὴ
611 3021 748 3099 είδίναι;

141 3119 212 3179 ΑΛ.
237 3111 360 3181 Ἔοικα.

140 3219 216 3280 ΣΩ.
250 3220 331 3293 Πς
339 3207 403 3283 οὖν
414 3217 501 3295 είκός
512 3235 549 3284 σε
561 3221 683 3285 εἰδέναι
693 3214 735 3285 τά
748 3216 975 3287 δίκαιακαὶτά
985 3215 1057 3287 άδι-
1136 3288 1139 3293 ,
1184 3214 1192 3219 ”

56 3339 114 3397 κα,
126 3314 201 3397 περὶ
213 3301 262 3379 οἷν
274 3309 362 3380 οὕτω
373 3323 485 3405 πλανᾷ
497 3318 551 3385 καὶ
568 3313 647 3385 οὔτε
656 3314 779 3404 μαθάν
789 3325 902 3405 φαίνει
912 3316 986 3396 παρ’
999 3315 1062 3384 οὐ·

56 3409 152 3488 δενὸς
166 3407 244 3477 οὔτε
255 3407 355 3488 αὐτὸς
367 3411 526 3498 ἐξευοάν;
1089 3302 1140 3555 ⁴
