2408 3780
123 180 185 249 178
227 262 230 266 Α
483 186 766 246 αΛΑνειαοΣ
1040 162 1042 167 ’
1096 192 1133 248 4ο

81 363 103 414 ο
122 371 211 428 ποιςς
238 353 344 415 Τοῦτο
356 345 397 432 δὴ
409 343 489 432 μετά
501 343 607 431 ταῦτ’,
621 351 701 431 ἔφη,
720 337 952 432 άΣάτιρατες,
970 344 1132 430 πειράσο-

123 452 184 532 μαί
198 464 234 512 σε
252 443 388 526 διδάξαι.
422 449 490 511 ἔστι
505 444 566 528 μὲν
577 440 640 528 γάρ
653 439 692 527 δὴ
706 449 855 521 τοιοῦτος
865 444 921 510 καὶ
932 441 1021 510 οὕτω
1031 469 1130 528 γενο·

122 541 189 622 νύς
200 539 342 627 ὁἝρως,
355 549 422 610 ἐστι
434 541 470 609 δέ
480 549 548 608 τοῖν
558 548 680 624 καλῶν,
694 537 738 618 ὡς
749 537 791 608 σύ
802 540 878 629 φῄς.
901 545 931 608 εί
940 536 978 609 δέ
987 566 1034 619 τις
1044 538 1132 628 ἡμᾶς

124 648 247 723 ἔροιτο·
270 647 303 707 τί
318 646 387 706 τῶν
403 645 515 706 καλῶν
531 639 619 706 ἐστὶν
637 635 779 724 ὁἝρως,
804 631 1016 721 άΣάιιρατές
1029 640 1132 706 τεκαὶ

122 745 281 824 Διοτίμας
305 728 369 804 οἶδε
386 739 422 804 δέ
440 739 645 823 σαφέστερον
661 738 740 820 ἐρεῖ·
764 733 781 804 ὁ
799 739 886 820 ἐρῶν
897 743 1090 805 τοῖνιιαλιδν
1101 743 1134 806 τί

122 840 198 926 ἐρᾷς
220 837 275 904 ναὶ
290 833 355 921 ἐγώ
375 832 467 902 εἶπον
485 831 536 901 ὐτι
553 836 718 902 Γενέσθαι
734 831 834 924 αὐτῷ.
864 832 952 902 Ἀλλ’
966 838 1131 922 ἐπιποθεῖ,

122 939 202 1020 ἔφη,
220 930 240 1018 ἡ
253 931 426 1018 ἀπόκρισις
437 931 597 1020 ἐρώτησιν
608 933 755 1000 τοιάνδε·
777 938 811 1000 τί
818 938 908 1000 ἔσται
919 936 1033 1022 ἐκείνῳ
1046 925 1076 1023 ᾦ
1087 927 1132 1000 άν

122 1035 255 1117 γένηται
272 1029 309 1098 τά
329 1031 429 1110 καλάς
453 1028 505 1098 Οὐ
521 1032 611 1098 πάνυ
628 1035 714 1117 ἔφην
727 1036 773 1098 ἐτι
785 1035 869 1116 ἔχειν
880 1029 942 1115 ἐγώ
953 1029 1037 1118 πρὸς
1047 1028 1132 1098 ταύ·

84 1153 106 1204 Ε
123 1157 184 1216 την
200 1127 261 1215 τὴν
278 1129 437 1216 ἐρώτησιν
455 1135 634 1218 προχείρως
645 1126 901 1215 άποκρίνασθαι.
932 1126 1030 1214 Ἀλλ’,
1054 1134 1130 1215 ἔφη,

124 1227 234 1311 οἵσπερ
257 1222 300 1294 άν
325 1236 356 1295 εί
373 1254 422 1306 τις
442 1225 637 1314 μεταβαλών
655 1225 729 1295 ἀντὶ
746 1235 808 1294 τού
823 1235 929 1295 καλού
947 1234 991 1317 τῷ
1010 1224 1132 1315 ἀγαθῷ

121 1326 289 1412 χρώμενος
299 1327 523 1394 πυνθάνοιτο·
539 1328 629 1412 φέρε,
643 1318 863 1412 ὐΣοάκρατες,
877 1331 997 1411 ἔροιτο·
1011 1321 1029 1393 ὁ
1042 1326 1131 1412 ἐρῶν

62 1502 66 1507 ,
122 1431 190 1492 τῶν
201 1423 342 1508 ἀγαθῶν
353 1430 388 1491 τί
395 1426 469 1512 ἐρᾷ;
491 1425 672 1510 Γενέσθαι,
691 1416 733 1509 ἦν
745 1421 774 1491 δ’
790 1422 869 1510 ἐγώ,
889 1421 987 1512 αὐτῷ.
1020 1423 1129 1491 Καὶτὶ

123 1529 212 1590 ἐσται
224 1524 337 1611 ἐκείνῳ
350 1513 378 1610 ᾦ
390 1516 433 1587 άν
445 1523 578 1607 γένηται
588 1519 735 1607 τάγαθά;
761 1517 861 1588 Τοῦτ’
882 1519 1128 1605 εὐπορώτερον,

122 1613 166 1706 ἦν
178 1617 208 1686 δ’
222 1619 287 1704 ἐγώ
295 1671 304 1704 ,
315 1623 378 1705 ἐχιο
389 1617 653 1707 άποτιρίνασθαι,
665 1619 715 1688 ὅτι
728 1617 895 1705 εὐδαίμων
906 1624 1004 1686 ἐσται.
1036 1618 1127 1705 Κτή-

58 1737 105 1792 λοό
123 1738 172 1787 σει
182 1717 263 1803 γάρ,
276 1722 351 1803 ἐφη,
363 1714 504 1801 άγαθάν
515 1721 550 1785 οί
558 1715 751 1803 εὐδαίμονες
762 1715 968 1803 εὐδαίμονες,
980 1719 1034 1784 καὶ
1047 1714 1130 1785 οὐκ·

124 1822 169 1881 ε’τι
187 1817 327 1901 προσδεῖ
343 1815 495 1902 ἐρέσθαι,
516 1820 571 1883 λνα
589 1817 665 1884 τίδὲ
682 1814 837 1903 βούλεται
856 1814 1024 1902 εὐδαίμων
1041 1813 1129 1883 εἶναι

123 1909 141 1981 ὁ
154 1911 368 1999 βουλόμενος,
380 1909 464 1981 άλλύ
476 1916 567 1992 τέλος
579 1917 671 1982 δοκεῖ
679 1910 793 1999 ἐχεινὴ
805 1912 987 1996 άπάκρισις.
1002 1911 1130 2001 Ἀληθῆ

122 2013 235 2097 λέγεις,
249 2007 342 2078 εἶπον
352 2010 425 2096 ἐγώ.
452 2011 585 2098 Ταύτην
595 2011 631 2079 δὲ
640 2010 702 2097 τὴν
712 2008 873 2098 βούλησιν
884 2014 939 2079 καὶ
951 2010 1011 2079 τὸν
1021 2016 1130 2100 ἔρωτα

123 2117 244 2176 τοῦτον
256 2109 379 2193 πότερα
391 2105 509 2178 κοινάν
519 2118 581 2176 οίει
592 2106 675 2175 εἶναι
687 2109 823 2177 πάντων
839 2107 1047 2196 ἀνθρώπων,
1071 2110 1129 2177 καί

123 2206 249 2286 πάντας
259 2205 390 2293 τάγαθά
400 2204 584 2294 βούλεσθαι
595 2204 707 2286 αὐτοῖς
718 2205 801 2275 εἶναι
812 2205 877 2292 άεί,
893 2203 995 2293 ἤπαλς
1006 2209 1129 2292 λέγειςς
1163 2274 1168 2281 ,

124 2302 250 2383 Οὐτως,
263 2297 307 2391 ἦν
319 2301 350 2373 δ’
366 2303 431 2390 ἐγώ
439 2329 446 2343 ·
470 2302 586 2371 κοινὸν
597 2302 680 2371 εἶναι
692 2305 836 2373 πάντων.
863 2312 903 2373 Τί
913 2302 953 2390 δὴ
966 2296 1040 2388 οὐν,
1054 2308 1129 2391 ἔφη,
1159 2316 1168 2372 ,³

86 2416 104 2465 Β
125 2394 151 2469 ὦ
170 2403 365 2491 Σώκρατες,
387 2399 429 2470 οὐ
447 2401 573 2481 πάντας
588 2405 669 2490 ἐρᾷν
686 2409 811 2490 φαμέν,
835 2412 926 2488 είπερ
948 2429 985 2488 γε
1006 2403 1129 2482 πάντες

122 2508 190 2567 τῶν
208 2499 320 2568 αὐτοῖν
341 2503 440 2586 ἐρῶσι
451 2502 505 2569 καλ
516 2497 582 2583 άεί,
606 2497 690 2567 άλλά
704 2500 795 2581 τινάς
807 2527 918 2589 φαμεν
929 2504 1027 2589 ἐρᾷν,
1048 2497 1129 2580 τούς
1152 2494 1168 2573 ·’.

123 2595 155 2664 δ’
168 2595 212 2665 οὐ
219 2627 228 2680 3
251 2598 432 2684 Θανμάζω,
455 2591 499 2684 ἦν
510 2595 543 2666 δ’
554 2596 619 2682 ἐγιά
625 2649 635 2682 ,
656 2600 712 2666 καὶ
722 2597 829 2679 αὐτός.
860 2597 957 2667 Ἀλλὰ
975 2598 1019 2685 μὴ
1037 2599 1128 2668 θαύ-
1164 2672 1168 2687 Ι

122 2692 207 2781 μαξ,
234 2700 311 2780 ἔφη·
335 2692 515 2782 άφελόντες
529 2692 594 2782 γάρ
611 2702 673 2763 τοῦ
691 2696 812 2780 ἔρωτός
828 2724 859 2764 τι
870 2695 955 2776 εἶδος
966 2694 1130 2783 ὐνομάζο-
1165 2720 1168 2739 ³

123 2819 202 2879 μεν,
220 2792 255 2860 τὰ
270 2800 332 2861 τοῦ
343 2791 426 2861 ὅλου
441 2796 642 2874 ἐπιτιθέντες
654 2793 776 2881 ὄνομα,
799 2801 920 2882 ἔρωτα,
944 2794 983 2864 τά
996 2794 1130 2865 δέάλλα
1159 2788 1168 2877 ,ἶ

121 2890 233 2970 ἄλλοις
254 2890 494 2979 καταχριόμεθα
520 2890 690 2979 ὀνόμασιν.
716 2891 842 2978 Ὥσπερ
863 2899 908 2972 τίς
932 2886 976 2978 ἦν
998 2891 1031 2960 δ’
1053 2892 1129 2978 ἐγώ.
1159 2912 1168 2983 ,j

114 2986 240 3074 Ὥσπερ
252 2988 336 3058 τάδε.
361 2987 454 3058 οἶσθ’
466 2989 518 3058 ὅτι
532 2997 660 3077 ποίησίς
671 2994 742 3059 ἐστί
748 3017 779 3058 τι
790 2991 877 3059 πολύ
885 3017 892 3031 ·
915 2988 936 3078 ἡ
950 2990 1013 3078 γάρ
1028 3017 1081 3059 τοι
1093 2994 1129 3060 ἐκ
1162 2992 1168 3069 Ξ

120 3096 181 3155 τοι)
198 3086 243 3174 μὴ
262 3085 358 3167 ὄντος
375 3092 421 3168 είς
432 3087 468 3156 τό
484 3082 525 3156 ὐν
536 3088 621 3157 ίόντι
631 3084 762 3179 ὁτῳοῦν
774 3093 859 3155 αίτία
870 3089 960 3157 πᾶσά
974 3090 1041 3156 ἐστι
1052 3097 1130 3158 ποί·

87 3209 106 3258 c
122 3205 211 3272 ησις,
228 3183 312 3252 ὐστε
324 3188 379 3254 καὶ
391 3189 428 3254 αί
438 3184 505 3255 ὐπὸ
518 3185 638 3264 πάσαις
649 3199 719 3264 ταῖς
729 3189 855 3271 τέχναις
865 3188 1016 3273 ἐργασίαι
1029 3187 1130 3275 ποιή-
1163 3190 1168 3257 ἱ

122 3306 190 3362 σεις
202 3284 263 3351 είσὶ
275 3285 329 3352 καί
340 3287 374 3351 οί
383 3284 513 3351 τούτων
527 3283 723 3370 δημιουργοὶ
734 3282 856 3363 πάντες
866 3288 1006 3370 ποιηταί.
1030 3281 1130 3371 Ἀλη-
1164 3298 1168 3373 j

109 3381 293 3462 ffq‘slesscf.
328 3377 414 3451 Ἀλλ’
430 3380 534 3469 ὅμως,
555 3373 627 3469 ἧδ’
648 3378 687 3468 ἥ,
710 3377 802 3449 οἶσθ’
820 3380 871 3465 ὅτι
888 3380 929 3450 οὐ
946 3388 1129 3452 καλοῦνται
1165 3382 1168 3449 ἶ

96 3550 188 3716 N„
