2408 3780
134 200 195 260 218
495 195 782 255 ΙΙΛΑΤΩΝΟΣ
1107 204 1144 252 σθ

134 369 227 426 λιστα
240 364 275 429 δὲ
286 387 331 451 τῳ
343 362 480 445 ἐραστῇ,
503 356 554 424 ότι
571 362 639 422 τῶν
655 353 822 438 φιλτάτων
834 379 871 420 τε
887 354 942 421 καὶ
958 347 1145 419 εὐνουστά-

134 484 200 526 των
218 461 272 526 καὶ
290 458 474 526 θειοτάτων
489 452 663 540 κτημάτων
680 451 832 572 όρφαγόν
853 451 917 537 πρὸ
939 448 1065 528 παντός
1086 447 1146 516 εό-

133 551 251 636 ξαιτ’
230 583 274 623 αν
291 555 320 624 ε
319 584 374 624 ναι
388 554 449 622 τόν
467 552 650 638 ἐρωμένου·
672 549 796 671 πμτρδς
810 550 876 672 γάρ
887 553 942 619 καλ
953 545 1145 636 μητρδςκαὶ

135 659 305 740 ξυγγενῶν
316 657 370 722 καὶ
382 659 489 739 φίλων
500 646 708 737 στέρεσθαι’“
686 678 729 719 αν
740 647 846 718 αὐτόν
856 651 1000 741 δέξαιτο,
1019 651 1144 714 διακω·

64 770 119 824 240
134 751 235 831 λυτάς
251 757 305 820 καί
323 751 510 839 ἐπιτιμητάς
525 747 711 838 ἡγούμενος
727 756 785 834 τῆς
799 745 933 835 ἡδίστης
944 743 1027 830 πρός
1037 743 1145 813 αὐτὸν

134 849 269 935 ὁμιλίας.
283 848 365 918 ἀλλά
384 848 451 937 μὴυ
468 847 586 917 οὐσίαν
596 845 629 935 γ’
642 853 757 933 ἔχοντα
768 852 896 932 χρυσοῦ
908 843 928 931 6
939 870 1028 922 τινος
1041 842 1145 929 ἀλλης

133 948 278 1035 κτήσεως
295 946 369 1014 οὔτ’
387 945 555 1016 εὐάλωτον
569 944 690 1033 ὁμοίως
706 944 784 1013 οὔτε
808 942 930 1012 ἁλόντα
954 938 1144 1027 εὐμεταχεί-

135 1067 249 1131 ριστον
265 1042 438 1131 ἡγήσεται·
461 1049 493 1124 ἐξ
506 1037 555 1112 ’ὦν
572 1043 652 1124 τᾶρ’
672 1043 799 1130 ἀνάγκη
818 1039 961 1128 έραστὴν
979 1046 1144 1120 παιδικοῖς

72 1226 74 1230 Ι
133 1153 277 1229 φθονεῖν
288 1143 349 1263 μέγ
361 1141 479 1209 οὐσίαν
487 1151 706 1262 κεκτημένοις,
718 1141 947 1227 ἀπολλυμένης
958 1140 994 1208 δὲ
1005 1146 1143 1226 χαίρειν.

134 1248 306 1310 έτιτοίνυν
323 1240 470 1327 ἀγαμον,
493 1239 631 1326 ἀπαιδα,
656 1240 802 1309 ἀοικονό
813 1239 1144 1326 τιττλεῑστονχρόνου

55 1428 57 1433 Ι
135 1338 270 1409 παιδικά
282 1337 420 1426 έραστὴς
433 1333 590 1419 66666'u
568 1364 610 1406 αυ
624 1344 795 1428 γενέσθαι,
808 1341 845 1409 τό
859 1337 963 1408 αότου
952 1335 1121 1424 γλυκά
1098 1364 1143 1418 ως

134 1440 838 1526 πλείστουχρόνουκαρποῦσθαιἐπιθυμῶν.

217 1545 311 1608 XVII.
345 1537 437 1606 Ἐστι
454 1538 515 1625 μέν
527 1534 566 1624 δὴ
580 1538 634 1605 καὶ
646 1535 729 1606 ἀλλα
740 1537 842 1620 κακά,
860 1533 943 1605 ἀλλά
956 1562 1003 1615 τις
1014 1540 1143 1622 δαίμων

96 1654 116 1702 Β
136 1642 221 1722 ἔμιξε
233 1652 300 1717 τοῖς
312 1645 473 1716 πλείστοις
483 1640 519 1705 έν
530 1645 576 1724 τῷ
587 1643 772 1721 παραυτίκα
781 1632 919 1722 ἡδονὴν,
932 1630 1005 1703 οἷον
1013 1635 1141 1720 κόλακι,

46 1754 52 1765 ’
135 1741 233 1825 δεινῷ
250 1743 358 1825 θηρίῳ
377 1737 431 1803 καλ
449 1735 557 1821 βλάβη
575 1736 718 1823 μεγάλη,
743 1731 832 1820 ὅμως
849 1731 1028 1819 ἐπέμιξευὴ
1041 1732 1142 1818 φύσις

133 1832 261 1920 ἡδονήν
276 1860 350 1901 τινα
368 1831 430 1900 οόκ
445 1831 613 1918 Ιἀμουσον,
636 1841 694 1901 καί
708 1861 756 1914 τις
774 1835 906 1919 ἑταίραν
918 1830 963 1911 ως
974 1829 1142 1920 βλαβερόν

135 1935 262 2012 ψέξειεν
272 1930 332 2015 ἀν,
354 1933 409 2000 καὶ
421 1929 503 1998 ἀλλα
514 1929 620 1998 πολλοὶ
632 1941 700 2022 τῶν
709 1931 976 2016 τοιουτοτρόπων
985 1929 1142 2018 θρεμμά-

134 2055 201 2096 των
223 2055 258 2097 τε
279 2033 334 2096 καὶ
356 2028 621 2114 ἐπιτηδευμάτων
628 2080 637 2112 ,
661 2025 709 2108 οἷς
725 2031 762 2098 τό
773 2056 812 2115 γε
829 2027 910 2098 καθ’
930 2027 1058 2116 ἡμέραν
1068 2027 1142 2115 ἡδί-

136 2148 262 2195 στοισιν
273 2127 356 2194 εἶναι
367 2125 520 2211 ὑπάρχει·
538 2131 700 2207 παιδικοῖς
711 2131 747 2197 δέ
757 2127 895 2216 έραστὴς
906 2126 989 2213 πρός
999 2136 1048 2217 τῷ
1059 2135 1142 2214 βλα-

96 2246 118 2296 c
137 2233 226 2314 βερῳ
239 2228 294 2293 καὶ
311 2231 357 2304 είς
373 2223 409 2292 τό
427 2226 665 2311 σννημερεόειν
676 2227 812 2295 πάντων
823 2226 1032 2314 ἀηδέστατον.
1043 2225 1141 2312 ἡλίκα

134 2322 198 2409 γάρ
210 2325 264 2392 καὶ
276 2320 293 2392 ό
306 2321 444 2402 παλαιός
455 2322 553 2408 λόγος
562 2325 693 2407 τέρπειν
703 2326 763 2393 τόν
773 2324 886 2412 ἡλίκα·
908 2324 929 2412 ἡ
941 2326 1022 2411 γάρ,
1041 2325 1141 2413 οἶμαι,

134 2422 259 2508 χρόνου
277 2422 388 2510 ἰσότης
405 2419 457 2491 ἐπ’
472 2431 545 2501 ίσας
561 2420 683 2508 ἡδονάς
695 2423 824 2510 ἀγουσα
836 2422 879 2493 δι’
894 2422 1070 2510 ὁμοιότητα
1083 2449 1142 2509 φι-

136 2527 211 2588 λίαν
222 2522 408 2606 παρέχεται·
422 2519 495 2590 ἀλλ’
509 2521 598 2608 ὅμως
609 2523 712 2607 κόρον
723 2550 761 2608 γε
772 2527 827 2592 καὶ
839 2521 860 2610 ἡ
871 2524 1003 2592 ταότων
1014 2545 1143 2591 συνου-

136 2625 189 2686 σία
202 2621 340 2703 ἔχεικαὶ
352 2617 420 2706 μὴν
430 2620 469 2688 τό
478 2646 515 2706 γε
526 2619 708 2706 ἀναγκαῖον
719 2615 763 2689 αὖ
779 2622 867 2708 βαρὺ
878 2624 976 2690 παντὶ
986 2625 1062 2705 περὶ
1074 2628 1142 2689 πᾶν

135 2720 273 2802 λέγεται·
299 2714 318 2782 6
334 2715 374 2802 66
393 2715 474 2799 πρὸς
490 2725 529 2805 τῇ
546 2717 755 2808 ἀνομοιότητι
766 2719 894 2807 μάλιστ’
909 2719 1047 2808 έραστὴς
1058 2717 1143 2804 πρὸς

134 2813 268 2884 παιδικά
280 2819 352 2899 έχει.
371 2821 521 2905 νεωτέρῳ
532 2817 596 2903 γὰρ
608 2820 832 2905 πρεσβύτερος
843 2817 958 2887 συνών
969 2816 1049 2886 οὔθ’
1062 2815 1143 2905 ἡμέ-

96 2939 117 2990 1>
136 2942 195 3002 ρας
211 2912 289 2981 οὔτε
306 2911 428 2992 νυκτός
445 2912 530 2981 ἑκών
542 2915 766 3003 ἀπολείπεται,
789 2916 861 2986 ἀλλ’
876 2915 936 2985 ὑπ’
949 2915 1097 3004 ἀνάγκης
1107 2942 1142 2984 τε

134 3017 188 3085 καὶ
206 3024 342 3098 οίστρου
360 3012 547 3099 έλαόυεται,
575 3009 611 3093 δς
629 3017 743 3106 έκείνῳ
760 3015 955 3104 μὲνὴδονάς
966 3016 1016 3086 ἀεὶ
1029 3013 1143 3094 διδοός

134 3114 206 3200 ἀγει
223 3110 361 3200 ὁρῶντι,
384 3110 557 3199 ἀκοόουτι,
582 3110 772 3205 ἁπτομένῳ,
795 3119 849 3184 καὶ
861 3125 971 3184 πάσαν
982 3125 1143 3202 αίσθησιυ

134 3215 366 3302 αἰσθανομένῳ
379 3221 441 3280 τοῦ
451 3216 636 3301 ἐρωμένου,
651 3211 733 3281 ὥστε
744 3212 822 3300 μεθ’
835 3211 958 3303 ἡδονῆς
971 3213 1144 3301 ἀραρότως

132 3310 224 3400 αὐτῷ
237 3310 428 3398 όιιηρετείν·
451 3319 499 3403 τῳ
517 3316 553 3380 δὲ
564 3311 604 3399 δὴ
617 3315 771 3402 ἐρωμένῳ
783 3327 880 3382 ποῖον
890 3307 1144 3400 παραμόθιονιῆ

117 3417 216 3486 τινας
224 3409 354 3496 η’δονάς
370 3406 488 3494 διδοῦς
505 3404 704 3498 ποιησειτὸν
716 3421 790 3482 ίσον
801 3410 925 3498 χρόνον
935 3412 1084 3480 συνόντα
1094 3410 1140 3498 μὴ
