2408 3780
132 154 175 216 30
495 154 601 213 HAA
613 152 782 212 ΤΩΝΟΣ

132 315 193 403 μέν
204 317 242 383 ἓν
256 313 340 383 εἶναι
350 313 388 381 τό
401 313 439 380 έν
450 315 504 382 καί
514 311 555 381 τά
567 311 651 380 άλλα
663 310 746 381 άλλα
757 317 818 378 τοῦ
829 312 903 391 ἐνὸς
914 311 992 381 οὔτε
1003 339 1033 380 τι
1044 317 1139 398 μειῖω

132 411 211 481 οὔτε
226 439 258 480 τι
269 412 391 480 έλάττω
403 406 445 479 άν
458 420 507 497 εἴη
519 407 671 496 ἀλλήλων
683 408 798 488 αὐτοῖς
808 433 845 492 γε
856 408 990 489 ταύταις
1000 423 1070 490 ταῖς
1080 409 1131 479 οὐ

132 516 230 588 σίαις·
253 504 326 577 ἄλλ’
347 514 378 576 εί
393 512 454 592 μὲν
471 506 554 590 πρός
564 513 611 594 τῷ
621 504 747 574 τοιαῦτ’
762 505 846 574 εἶναι
858 504 994 589 ἑκάτερα
1006 508 1139 594 ἰσότητα

132 613 235 694 ἔχοιεν
243 658 252 692 ,
265 616 321 676 ίσα
334 601 377 673 άν
392 615 441 691 είη
454 602 536 689 πρός
547 602 686 691 ἄλληλα·
710 610 740 672 εί
750 604 785 672 δὲ
796 601 835 670 τὰ
847 602 908 688 μέν
922 604 1081 690 μέγεθος,
1101 603 1138 674 τό

132 705 167 774 δέ
186 703 401 792 σμικρότητα,
425 697 447 786 ἢ
464 702 519 768 καὶ
536 703 677 787 μέγεθος
693 701 754 787 μὲν
765 698 802 768 τό
815 701 868 787 ἐν,
892 700 1092 788 σμικρότητα
1105 705 1139 772 δὲ

130 794 251 886 τάλλα,
271 799 418 889 ὁποτέρῳ
429 797 491 885 μέν
501 806 548 890 τῷ
561 803 640 868 είάει
649 804 792 885 μέγεθος
803 804 957 884 προσείη,
974 804 1084 885 μεῖζον
1095 795 1140 867 άν

131 908 198 987 είη,
223 890 251 990 μ’
269 897 304 966 δέ
315 896 511 984 σμικρότης,
532 902 684 978 ἐλαττον;
706 891 857 982 Ἀνάγκη.
892 894 1030 963 Οὐκοῦν
1042 896 1139 963 ἐστόν

130 1001 171 1084 γέ
178 1021 247 1063 τινε
258 994 366 1062 τούτω
378 998 460 1080 είόη,
471 992 510 1060 τό
521 1019 556 1061 τε
568 996 708 1080 μέγεθος
719 995 772 1062 καλ
784 991 806 1081 ἡ
817 993 1007 1081 σμικρότης;
1018 991 1059 1061 οὐ
1074 991 1138 1078 γάρ

130 1095 174 1161 άν
188 1116 255 1160 που
271 1090 316 1178 μὴ
334 1090 411 1160 όντε
428 1117 464 1177 γε
484 1094 623 1161 έναντίω
641 1117 676 1159 τε
691 1090 848 1178 ἀλλήλοιν
859 1095 1013 1179 είτηυκαί
1025 1094 1138 1170 ἐντοῖς

63 1209 115 1266 1⁵0
131 1184 228 1260 οὖσιν
240 1193 486 1276 ἐγγιγνοίσθην.
520 1196 598 1268 Πως
607 1186 672 1275 γάρ
684 1188 744 1270 σάος
765 1194 810 1257 Et
820 1187 884 1275 ἄρα
895 1193 933 1260 έν
944 1199 991 1278 τῷ
1003 1192 1050 1260 ἑνὶ
1063 1211 1138 1276 σμι-

130 1290 250 1376 κρότης
261 1293 459 1375 ἐγγίγνεται,
474 1286 547 1374 ἤτοι
557 1291 595 1354 έν
606 1285 673 1376 όλω
685 1281 728 1354 άν
738 1281 761 1373 ἢ
772 1288 809 1354 ἐν
821 1288 912 1372 μέρει
923 1285 1028 1356 αὐτοῦ
1039 1291 1132 1375 ἐνείη.

127 1386 278 1474 Ἀνάγκη.
312 1393 355 1475 Τί
362 1384 394 1455 δ’
409 1393 439 1455 εί
449 1388 485 1454 ἐν
497 1383 563 1476 όλςο
575 1388 774 1472 ἐγγίγνοιτο;
789 1381 862 1471 οὐχὶ
873 1380 895 1471 ἢ
906 1387 937 1465 ἐξ
950 1395 1025 1454 ίσον
1037 1380 1080 1452 άν
1091 1393 1134 1476 τῷ

130 1489 178 1556 ἐνὶ
195 1484 238 1554 δι’
260 1483 343 1554 ὅλου
353 1482 460 1553 αὐτοῦ
470 1485 627 1569 τεταμένη
640 1491 689 1570 είη
702 1477 725 1568 ἢ
737 1483 933 1567 περιέχουσα
945 1479 1027 1551 αότό
1035 1511 1043 1564 ;
1063 1492 1137 1571 Δῆ-

129 1593 189 1653 λον
201 1581 251 1670 δή.
273 1574 346 1668 Ἆρ’
359 1575 423 1650 οὖν
434 1579 497 1650 οὐκ
509 1585 541 1662 ἐξ
553 1590 628 1649 ίσον
639 1580 701 1668 μέν
711 1572 796 1648 οὖσα
807 1577 828 1667 ἡ
841 1581 1019 1668 σμικρότης
1029 1589 1076 1671 τῷ
1089 1582 1137 1650 ἑνὶ

129 1695 182 1770 ίση
194 1678 237 1750 άν
248 1679 337 1770 αὐτῷ
351 1689 416 1767 είη,
438 1681 633 1767 περιέχουσα
645 1681 680 1750 όέ
691 1686 828 1768 μείζωνς
846 1687 924 1762 Πως
936 1679 968 1749 δ’
983 1679 1040 1764 οό;
1063 1691 1136 1749 Δυ-

125 1777 230 1849 νατόν
241 1771 304 1848 οὖν
323 1778 523 1866 σμικρότητα
541 1788 617 1865 ίσην
634 1805 679 1868 τω
696 1777 781 1847 εἶναι
797 1773 820 1866 ἢ
835 1785 932 1865 μείζω
953 1779 1057 1864 τινός,
1082 1780 1136 1847 καί

129 1876 283 1966 πράττειν
293 1903 331 1964 γε
342 1875 381 1945 τά
394 1879 559 1963 μεγέθους
569 1903 604 1944 τε
616 1879 670 1945 καί
682 1877 843 1964 ίσότητος,
855 1875 937 1945 άλλά
951 1875 995 1963 μὴ
1007 1874 1046 1944 τά
1058 1877 1134 1945 ἑαν-

89 1999 109 2051 Β
127 1983 201 2065 τῆςς
220 1973 411 2044 Ἀδύνατον.
444 1971 496 2042 Ἐν
511 1976 573 2062 μέν
591 1972 659 2063 όλω
676 1973 742 2059 άρα
752 1982 799 2062 τῷ
810 1975 857 2043 ένλ
869 1972 931 2041 οὐκ
943 1969 986 2041 άν
998 1983 1047 2060 εἴη
1060 1992 1135 2059 σμι-

125 2075 261 2162 κρότης,
279 2071 353 2143 ἀλλ’
368 2083 475 2160 είπερ,
493 2076 530 2141 ἐν
541 2075 641 2159 μέρει.
669 2079 752 2141 Ναί.
786 2069 877 2139 Οόόέ
885 2073 972 2158 γεέν
983 2073 1080 2139 παντὶ
1091 2063 1135 2138 αὖ

124 2181 170 2263 τῷ
182 2177 286 2259 μέρει·
307 2177 338 2240 εί
348 2171 383 2240 δέ
394 2171 450 2259 μή,
462 2168 565 2239 ταύτά
577 2169 707 2257 ποιήσει
717 2169 801 2256 άπερ
813 2165 898 2254 πρός
909 2166 946 2236 τό
959 2166 1055 2237 ὅλον·
1080 2179 1133 2255 ίση

125 2278 216 2341 ἔσται
238 2267 261 2359 ἦ
279 2275 398 2359 μείζων
414 2278 476 2338 τοῦ
492 2273 630 2356 μέρους,
653 2272 690 2338 ἐν
709 2260 737 2360 ᾦ
754 2263 799 2336 άν
815 2265 866 2345 dez
882 2270 950 2357 ἐνῇ.
981 2264 1131 2356 Ἀνάγκη.

102 2412 105 2419 -
127 2368 256 2439 Οόέευί
267 2393 347 2439 ποτε
364 2368 428 2455 άρα
445 2372 573 2438 ἐνέσται
589 2375 657 2438 τοῖν
672 2367 783 2438 όντων
793 2367 986 2456 σμικρότης,
1008 2366 1084 2455 μήτ’
1098 2371 1134 2434 ἐν

126 2472 216 2556 μέρει
232 2467 308 2555 μήτ’
328 2470 365 2536 ἐν
382 2467 449 2557 ὅλςο
472 2471 705 2555 ἐγγιγνομένη·
729 2464 812 2535 οόόέ
829 2492 861 2536 τι
882 2471 971 2535 ἔσται
992 2463 1134 2552 σμικρόν

125 2564 212 2653 πλὴν
223 2563 324 2650 αὐτῆς
335 2566 558 2651 σμικρότητος.
590 2564 663 2633 Οὐκ
675 2570 790 2632 ἔοικεν.
820 2562 905 2632 Οὐδ’
917 2562 982 2648 άρα
993 2567 1133 2649 μέγεθος

91 2681 110 2732 c
128 2663 255 2731 ἐνέσται
271 2665 308 2729 ἐν
324 2658 424 2751 αὐτῷ.
455 2666 567 2748 μεῖζον
577 2658 642 2749 γάρ
654 2660 698 2728 άν
710 2688 740 2729 τι
751 2670 800 2748 είη
812 2661 893 2728 άλλο
906 2663 960 2728 καὶ
971 2657 1059 2747 πλὴν
1070 2658 1132 2727 αό-

125 2766 185 2826 τοῦ
201 2760 382 2844 μεγέθους,
405 2761 512 2827 έκείνο
529 2762 566 2826 ἐν
584 2751 612 2846 ᾦ
627 2757 664 2826 τό
681 2760 824 2844 μέγεθος
835 2761 937 2845 ἐνείη,
963 2763 1132 2828 καὶταῦτα

126 2861 267 2942 σμικροῦ
278 2852 384 2923 αὐτοῦ
395 2853 457 2923 οόκ
470 2854 583 2941 ὄντος,
606 2847 649 2923 οὗ
660 2853 788 2943 ἀνάγκη
801 2853 986 2946 ὑπερέχειν,
1010 2858 1131 2944 ἐάνπερ

125 2945 148 3042 ᾖ
163 2954 261 3041 μέγα·
284 2961 383 3022 τοῦτο
401 2952 438 3023 δέ
454 2952 639 3039 άδόυατον,
663 2951 773 3040 ἐπειδὴ
791 2954 970 3042 σμικρότης
980 2952 1131 3043 οὐδαμοῦ

38 3134 47 3143 ¹
129 3059 184 3120 ἔνι.
214 3048 348 3138 Ἀληθῆ.
377 3049 476 3121 Ἀλλά
493 3048 562 3139 μὴν
578 3049 659 3121 αὐτό
678 3056 819 3139 μέγεθος
830 3051 892 3122 οὐκ
905 3052 1010 3123 ἄλλον
1020 3060 1130 3141 μεῖζον

82 3206 95 3235 ·.
124 3139 266 3237 ἢαότῆς
283 3148 514 3237 σμικρότητος,
537 3147 615 3220 οόόέ
632 3151 809 3239 σμικρότης
826 3150 931 3220 άλλου
950 3157 1086 3221 ἔλαττον
1108 3151 1131 3240 ἦ

82 3292 104 3331 ;‚-
125 3241 232 3316 αὐτοῦ
246 3252 420 3335 μεγέθους.
452 3245 505 3317 Οό
521 3248 595 3334 γάρ.
630 3248 718 3318 Οὔτε
736 3248 801 3335 άρα
816 3248 856 3317 τὰ
867 3249 951 3319 ἄλλα
962 3256 1058 3337 μείζω
1069 3261 1131 3320 τοῦ

105 3428 109 3437 Ι
123 3338 200 3424 ένός
211 3341 290 3415 οὐδὲ
300 3345 440 3434 έλάττω,
451 3347 532 3434 μήτε
544 3349 686 3434 μέγεθος
697 3348 779 3436 μήτε
791 3350 990 3437 σμικρότητα
1002 3356 1129 3437 ἔχοντα,
