2408 3780
154 188 215 254 154
509 192 797 251 ΠΛΑΤΩΝΟΣ
1043 226 1045 231 ·
1127 203 1161 256 16

151 347 197 420 αὖ
208 350 228 438 ἡ
241 356 475 421 ἐθελοδουλεία
487 351 549 421 οῦκ
560 348 677 437 αίσχρά
690 347 774 418 εἶναι
785 346 864 419 οὐδὲ
875 357 1039 419 κολακεία.
1053 357 1105 419 δεῖ
1119 353 1160 438 δῇ

152 448 198 518 τά
210 449 301 536 νόμω
313 448 420 518 τοάτω
431 456 610 538 ξυμβαλεῖν
621 455 666 528 είς
676 445 794 533 ταύτό,
806 449 866 516 τόν
876 473 912 516 τε
922 452 998 533 περὶ
1009 447 1071 536 την
1081 475 1160 517 παι-

112 565 133 616 Ι)
153 554 328 636 δεραστίαν
342 549 398 617 καὶ
415 547 475 617 τὸν
492 550 567 636 περὶ
578 545 641 635 τὴν
657 554 861 635 φιλοσοφίαν
871 574 907 616 τε
917 550 971 617 καὶ
981 550 1042 635 την
1055 546 1160 634 άλλην

150 646 289 735 άρετήν,
313 652 343 715 εί
362 651 473 734 μέλλει
493 651 657 735 ξυμβῆναι
675 644 781 716 καλὸν
801 650 960 734 γενέσθαι
980 650 1017 716 τδ
1039 652 1160 737 ἐραστῇ

150 745 288 813 παιδικά
304 751 513 833 χαρίσασθαι.
538 744 701 831 ὅτανγὰρ
718 751 763 826 είς
779 746 816 815 τὸ
829 745 911 816 αῦτὸ
924 754 1070 817 ἔλθωσιν
1082 751 1160 835 ἐρα-

35 884 38 889 ·
151 845 231 932 στής
242 870 277 912 τε
295 847 349 913 καὶ
361 845 514 928 παιδικά,
526 844 633 930 νόμον
644 849 728 931 ἔχων
739 846 908 932 ἑκάτερος,
920 844 938 915 ὁ
950 848 1011 932 μὲν
1021 866 1158 933 χαρισα-

148 948 260 1031 μένοις
271 948 433 1022 παιδικοῖς
444 940 618 1030 ὑπηρετῶν
636 939 750 1011 ὁτιοῦν
768 947 901 1025 δικαίως
918 939 962 1012 άν
972 941 1157 1029 ὑπηρετεῖν,

149 1040 167 1111 ὁ
185 1041 220 1109 δὲ
234 1047 283 1130 ’τῷ
301 1049 453 1109 ποιοῦντι
469 1039 574 1109 αὐτόν
591 1040 701 1127 σοφόν
711 1067 747 1110 τε
757 1044 813 1111 καὶ
825 1041 959 1128 άμαθὸν
970 1046 1103 1120 δικαίως
1115 1035 1159 1108 αῦ

151 1134 266 1205 ὁτιοῦν
283 1133 326 1204 άν
343 1135 543 1225 ὑπουργεῖν,
561 1135 648 1207 καὶὸ
665 1139 728 1226 μὲν
737 1142 924 1228 δυνάμενος
935 1148 980 1220 εἰς
991 1141 1159 1228 φρόνησιν

112 1261 131 1309 Ε
151 1238 206 1305 καὶ
223 1237 284 1323 τὴν
302 1235 407 1324 άλλην
425 1234 547 1324 άρετὴν
558 1237 825 1324 ξυμβάλλεσθαι,
847 1235 865 1305 ὁ
887 1239 922 1307 δὲ
941 1239 1097 1324 δεόμενος
1113 1245 1158 1316 είς

151 1340 324 1404 παίδευσιν
334 1338 389 1405 καὶ
400 1333 463 1423 τὴν
473 1334 578 1422 άλλην
590 1341 714 1422 σοφίαν
723 1344 878 1422 κτάσθαι,
892 1337 965 1404 τότε
976 1335 1016 1421 δῇ
1028 1338 1157 1403 τούτων

150 1432 332 1514 ξυνιόντων
344 1438 390 1513 είς
406 1429 531 1502 ταάτὸν
547 1439 615 1501 τῦν
627 1433 742 1521 νόμων
753 1441 904 1521 μοναχοῦ
915 1437 1063 1501 ἐνταῦθα
1075 1440 1158 1521 ξυμ-

149 1539 258 1602 πίπτει
269 1529 306 1600 τὸ
319 1532 422 1601 καλὸν
433 1531 518 1602 εἶναι
527 1530 662 1601 παιδικά
681 1536 802 1623 ἐραστῇ
812 1531 1022 1621 χαρίσασθαι,
1036 1533 1157 1601 ἄλλοθι

151 1635 186 1701 δὲ
197 1631 357 1719 οὐδαμοῦ.
380 1633 432 1701 ἐπὶ
447 1631 555 1721 τούτῳ
567 1634 622 1701 καὶ
634 1635 880 1721 ἐξαπατηθῆναι
891 1629 991 1701 οὐδὲν
1003 1634 1155 1717 αίσχρόν·

149 1734 199 1801 ἐπὶ
211 1732 247 1801 δὲ
263 1745 331 1813 τοῖς
348 1729 461 1810 άλλοις
477 1739 558 1800 πῦσι
574 1732 630 1800 καὶ
641 1735 879 1823 έξαπατωμένφ
891 1731 1052 1817 αίσχάνην
1064 1736 1156 1815 φέρει

83 1848 133 1903 185
151 1834 205 1899 καὶ
215 1832 269 1919 μή.
283 1837 313 1900 εί
322 1830 386 1917 γάρ
400 1857 448 1911 τις
465 1834 587 1919 ἐραστῇ
599 1827 643 1911 ὦς
661 1841 809 1923 πλουσίω
823 1831 971 1900 πλούτου
989 1831 1084 1897 ἕνεκα
1096 1855 1156 1913 χα-

150 1931 323 2017 ρισάμενος
345 1934 562 2018 ἐξαπατηθείη
579 1932 634 1998 καί
654 1929 698 2017 μὴ
721 1931 818 2017 λάβοι
839 1931 1003 2016 χρήματα,
1023 1925 1156 2011 άυαφα-

149 2033 263 2109 νέντος
279 2038 341 2098 τοῦ
358 2034 500 2116 ἐραστοῦ
510 2033 659 2115 πένητος,
673 2026 772 2098 οὐδὲν
785 2021 884 2114 ἦττον
895 2025 1044 2111 αἰσχρόν·
1066 2029 1157 2092 δοκεῖ

150 2126 214 2212 γάρ
226 2126 243 2195 ὁ
256 2136 404 2206 τοιοῦτος
414 2129 454 2196 τό
464 2154 501 2214 γε
513 2126 620 2195 αὑτοῦ
630 2130 795 2211 ἐπιδείξαι,
807 2124 858 2194 ὅτι
869 2127 967 2193 ἕνεκα
978 2124 1155 2210 χρημάτων

150 2223 264 2292 ὁτιοῦν
276 2221 320 2292 άν
331 2223 461 2313 ὁτῳοῦν
472 2223 645 2312 ὑπηρετοῖ,
657 2234 755 2294 τοῦτο
768 2227 803 2294 δὲ
815 2222 855 2293 οῦ
866 2223 980 2292 καλόν.
1001 2220 1083 2290 κατά
1097 2221 1155 2289 τὸν

149 2322 253 2392 αὐτόν
264 2321 304 2411 δὴ
319 2321 423 2410 λόγον
433 2319 497 2392 κάν
509 2333 541 2393 εί
549 2350 597 2404 τις
612 2320 656 2404 ὡς
667 2321 788 2415 άγαθρῐ
798 2321 1017 2410 χαρισάμενος
1027 2323 1081 2390 καὶ
1093 2319 1155 2389 αῦ-

149 2424 203 2502 τός
215 2419 259 2503 ὡς
270 2422 415 2510 άμείνων
427 2422 584 2510 ἐσόμενος
595 2421 648 2491 διά
661 2421 722 2512 τῇν
733 2430 848 2509 φιλίαν
859 2430 920 2490 τοῦ
931 2425 1071 2505 ἐραστοῦ
1082 2424 1155 2499 ἐξα-

114 2542 133 2591 Β
152 2529 324 2609 πατηθείη,
337 2518 565 2607 ἀναφανέντος
576 2524 705 2591 ἐκείνου
715 2530 823 2591 κακοῦ
833 2523 888 2589 καί
901 2519 942 2588 οῦ
954 2522 1154 2606 κεκτημένου

149 2618 287 2707 άρετήν,
310 2618 399 2707 ὅμως
417 2616 501 2705 καλῇ
519 2618 539 2707 ἡ
557 2618 679 2706 άπάτη·
702 2625 796 2689 δοκεῖ
810 2618 874 2706 γάρ
886 2613 930 2687 αὖ
942 2622 996 2688 καὶ
1009 2612 1150 2697 οὖτοςτὸ

149 2717 230 2787 καθ’
243 2716 347 2787 αὐτόν
359 2720 591 2805 δεδηλωκέναι,
601 2716 654 2787 ότι
666 2718 782 2808 άρετῇς
793 2721 822 2806 γ’
835 2721 931 2788 ἕνεκα
941 2722 1067 2789 καὶτοῦ
1078 2726 1155 2806 βελ-

150 2825 230 2887 τίων
246 2820 403 2904 γενέσθαι
419 2825 488 2886 πάν
499 2813 543 2886 άν
552 2820 650 2887 παντὶ
666 2825 920 2906 προθυμηθείη,
942 2826 1040 2887 τοῦτο
1058 2817 1093 2885 δέ
1112 2809 1154 2882 αὖ

150 2917 285 2986 πάντων
302 2918 494 2987 κάλλιστον·
517 2916 606 2986 οὕτω
624 2918 755 2996 πάντως
764 2943 801 3002 γε
813 2915 920 2986 καλὸν
931 2915 1047 3000 άρετῇς
1058 2916 1155 2981 ἕνεκα

151 3023 348 3105 χαρίζεσθαι.
373 3008 472 3095 οὗτός
495 3013 618 3084 ἐστινὸ
640 3024 696 3103 τῇς
713 3012 872 3104 οὐρανίας
893 3022 977 3083 θεοῦ
999 3019 1081 3099 ἔρως
1101 3017 1154 3081 καὶ

151 3113 306 3201 οὐράνιος
328 3118 383 3183 καὶ
400 3122 526 3182 πολλοῦ
544 3113 633 3195 άξιος
644 3116 699 3183 καὶ
715 3114 809 3183 πόλει
826 3116 881 3183 καὶ
892 3112 1050 3197 ίδιάταις,
1072 3121 1154 3180 πολ-

151 3212 213 3300 λὴν
230 3215 413 3300 ἐπιμέλειαν
431 3212 626 3301 ἀναγκάζων
645 3223 813 3282 ποιεῖσθαι
823 3210 907 3300 πρὸς
917 3210 1038 3298 άρετῇν
1049 3212 1109 3279 τόν
1119 3237 1154 3278 τε

17 3354 25 3397 :·
113 3329 135 3380 c
152 3315 280 3396 ἐροῦντα
292 3310 396 3382 αῦτὸν
408 3311 514 3381 αὑτοῦ
530 3316 583 3380 καὶ
600 3310 659 3382 τόν
670 3311 851 3397 ἐρόμενον·
863 3314 898 3379 οί
907 3308 939 3379 δ’
952 3311 1058 3394 ἕτεροι
1069 3310 1152 3377 πάν-

17 3404 27 3453 3
137 3434 195 3484 τέο·
204 3420 263 3494 τῇς
271 3413 402 3497 ἐτέρας,
422 3418 482 3498 τῆς
492 3410 678 3498 πανδήμου.
699 3410 803 3478 ταῦτά
816 3430 885 3496 σοι,
898 3415 978 3497 ἔφη,
992 3407 1037 3489 ὡς
1046 3413 1082 3477 ἐκ
1093 3416 1154 3476 τοῦ
