2408 3780
65 202 102 257 13
423 195 740 255 ΣΤΜΠΟΣΙΟΝ.
1025 193 1083 256 151

63 356 184 438 στάζειν
193 350 230 423 τδ
249 362 418 439 τοιοῦτον,
438 374 548 439 οσπερ
565 357 699 422 καλταῑν
710 356 899 437 ἐλευθέρων
911 365 1084 441 γυναικοῖν

65 452 389 541 προσαναχκάζομεν
405 448 528 530 αὐτους
545 449 626 521 καθ’
644 451 726 520 ὅσον
743 451 919 538 δυνάμεθα
930 453 974 541 μὴ
994 460 1083 543 έρᾷν.
1107 462 1155 517 182

69 543 168 619 οὗτοι
178 549 243 635 χάρ
255 554 339 618 εἰσιν
349 552 385 618 οί
393 550 448 617 καὶ
466 548 502 616 τὸ
516 548 644 628 ὄνειδος
656 539 885 636 πεποίηκότες,
898 549 982 620 έίστε
993 578 1085 630 τινας

69 654 200 738 τολμᾷν
217 648 325 733 λέγειν
338 645 536 733 ἀςαίσχρὸυ
551 653 743 735 χαρίζεσθαι
760 650 926 732 ἐρασταῖς·
951 652 1082 734 λέγουσι

73 749 109 817 δέ
124 751 172 826 είς
188 745 330 825 τούτους
346 743 607 833 ἀποβλέποντες,
633 741 775 828 ὁρῶντες
793 744 906 815 αὐτῶν
916 745 977 833 τὴν
988 744 1084 814 ἀκαι-

74 854 150 933 ρίαν
162 848 217 913 καί
230 841 378 929 ἀδικίαν,
403 843 472 911 ἐπεὶ
484 841 525 911 οδ
537 842 578 929 δή
591 866 657 910 που
668 850 810 930 κοσμίως
823 870 859 929 με
871 846 925 913 καὶ
936 852 1083 930 νομίμως

76 940 189 1013 ὁτιοῦν
204 940 435 1029 κοπτόμενον
451 940 559 1026 ψόγον
576 936 620 1009 ἀν
637 946 771 1021 δικαίως
782 948 887 1029 φέροι.
911 944 965 1011 καὶ
977 942 1017 1029 δὴ
1030 945 1082 1008 καὶ

77 1038 178 1127 ὁπερὶ
188 1038 250 1108 τὸν
266 1044 371 1125 έροτα
389 1039 492 1126 νόμος
508 1043 544 1108 έν
560 1041 623 1127 μέν
636 1054 704 1120 ταῖς
715 1039 827 1120 ἀλλαις
838 1041 954 1109 πόλεσι
965 1048 1084 1130 νοῆσαι

81 1137 202 1229 ῥᾴδιος·
226 1132 337 1215 ἁπλαῖς
347 1134 412 1224 γάρ
424 1135 573 1222 έίρισται·
597 1133 615 1203 ὁ
628 1134 659 1204 δ’
673 1137 796 1205 ἐνθάδε
808 1142 860 1207 καί
872 1144 910 1207 ἐν
920 1143 1085 1208 Λακεδαί-

83 1262 153 1323 μονι
169 1241 326 1314 ποικίλος.
351 1238 388 1303 έν
400 1234 510 1302 Ἤλιδι
527 1238 587 1321 μὲν
597 1233 661 1321 γάρ
673 1238 727 1304 καὶ
739 1239 775 1304 ἐν
785 1245 956 1325 Βοιωτοῖς,
975 1240 1028 1306 καὶ
1042 1229 1084 1304 οὗ
1103 1247 1121 1295 B

41 1380 44 1405 ι
84 1333 121 1421 μὴ
141 1335 239 1419 σοφοὶ
256 1334 381 1420 λέγειν,
405 1330 516 1413 ἁπλοῖς
526 1335 784 1421 νενομοθέτηται
794 1336 897 1403 καλὸν
909 1335 946 1402 τό
958 1342 1084 1421 χαριῖε-

86 1440 158 1501 σθαι
177 1434 344 1517 ἐρασταῖς,
366 1433 422 1500 καὶ
441 1430 504 1500 οὐκ
523 1432 567 1500 ἀν
583 1459 632 1512 τις
649 1441 734 1501 είποι
752 1430 828 1500 οὔτε
846 1436 920 1511 νέος
931 1431 1008 1499 οὔτε
1019 1457 1084 1499 πα-

49 1580 52 1585 -
88 1528 168 1609 λαιδς
183 1526 228 1608 ἀς
245 1529 398 1616 αἰσχρόν,
421 1528 620 1640 ίναήίμαι,
643 1528 686 1617 μὴ
706 1527 872 1616 πράγματ’
886 1535 982 1616 ἔχωσι
993 1530 1082 1619 λόγῳ

50 1688 53 1693 .
89 1627 276 1715 πειρώμενοι
283 1635 419 1697 πείθειν
429 1626 508 1708 τούς
519 1631 630 1714 νέους,
645 1627 701 1696 ἀτε
713 1626 871 1696 ἀδύνατοι
882 1631 1005 1713 λέγειν·
1027 1635 1085 1713 τῆς

89 1720 244 1805 δέἸωνίας
259 1728 314 1795 καί
325 1724 446 1794 ἀλλοθι
457 1734 625 1811 πολλαχοῦ
637 1726 774 1811 αίσχρόν
786 1725 992 1812 νενόμισται,
1012 1724 1082 1793 ὅσοι

89 1818 143 1892 ἀπὸ
155 1824 335 1913 βαρβάροις
354 1829 492 1892 οίκοῦσι.
518 1838 586 1903 τοῖς
602 1824 666 1910 γάρ
681 1824 863 1912 βαρβάροις
879 1824 933 1892 διὰ
950 1823 1008 1903 τὰς
1025 1850 1083 1891 τυ·

89 1927 235 2005 ραυνίδας
251 1919 389 2008 αίσχρόν
406 1921 505 1991 τοῦτό
523 1949 557 1989 τε
576 1925 631 1991 καὶ
647 1922 669 2009 ἥ
686 1949 724 2009 χε
736 1928 916 2009 φιλοσοφία
927 1924 981 1990 καὶ
992 1920 1012 2007 ἡ
1025 1949 1082 2005 φι-
1102 1930 1120 1979 G
1166 1922 1170 1928 ’

88 2023 315 2107 λοχυμναστία·
330 2017 371 2087 οά
383 2021 448 2106 γάρ
455 2071 465 2105 ,
480 2018 583 2106 οἶμαι,
595 2023 757 2108 συμφέρει
769 2034 836 2098 τοῖς
846 2018 985 2105 ἀρχουσι
997 2044 1083 2105 φρο-

88 2117 206 2205 νήματα
216 2118 342 2204 μεγάλα
360 2121 572 2204 ἐγγίγνεσθαι
582 2127 651 2187 τῶν
662 2117 870 2206 ἀρχομένων,
882 2116 961 2187 οὐδὲ
973 2123 1083 2204 φιλίας

88 2214 213 2301 ίσχυράς
233 2219 289 2286 καὶ
310 2224 501 2301 κοινωνίας,
524 2214 542 2284 δ
561 2216 601 2304 δὴ
624 2218 763 2304 μάλιστα
785 2228 877 2304 φιλεῖ
890 2219 931 2286 τά
948 2245 983 2286 τε
1000 2217 1083 2286 ἀλλα

85 2314 186 2382 πάντα
203 2311 289 2384 καὶὸ
307 2319 390 2400 ἐρως
407 2318 562 2404 ἐμποιεῖν.
587 2320 671 2406 έρχφ
690 2317 725 2384 δὲ
735 2324 834 2384 τοῦτο
847 2321 976 2401 ἔμαθον
986 2319 1041 2383 καὶ
1052 2317 1085 2382 οί

85 2412 385 2498 ίνθάδετάρανυοι·
405 2411 498 2499 ὁχάρ
517 2412 791 2500 Ἀριστογείτονος
808 2417 889 2499 ἔρως
900 2409 986 2498 καὶὴ
1006 2409 1084 2496 Ἀρ-

83 2514 196 2595 ροδίου
226 2517 320 2596 φιλία
344 2512 477 2598 βέβαιος
497 2512 658 2598 γενομένη
681 2511 863 2579 κατέλυσεν
890 2507 1002 2577 αὐτῶν
1024 2506 1086 2595 τὴν

82 2604 190 2697 ἀρχήν.
210 2608 316 2687 οὕτως
334 2600 377 2676 οὗ
387 2610 449 2694 μέν
467 2607 604 2695 αἰσχρὸν
615 2611 712 2696 ἐτέθη
723 2615 913 2695 χαριΐεσθαι
925 2611 1085 2696 ἐρασταῖς,

82 2714 175 2796 κακίᾳ
187 2715 255 2775 τάν
265 2710 420 2793 θεμένων
431 2720 551 2793 κεῖται,
568 2717 636 2776 τοῖν
646 2708 707 2794 μέν
720 2704 892 2793 ἀρχόντων
902 2713 1085 2796 πλεονεξίᾳ,
1105 2718 1125 2766 D

81 2813 144 2873 ταῖν
161 2805 198 2874 δὲ
214 2805 408 2892 ἀρχομένων
421 2803 599 2895 ἀνανδρίᾳ·
622 2797 666 2875 οὗ
683 2805 718 2874 δέ
734 2804 839 2874 καλὸν
851 2803 963 2886 ἁπλοῖς
974 2810 1085 2892 ἐνομί-

81 2912 162 2990 σθη,
185 2901 240 2972 διά
250 2903 312 2991 τήν
328 2911 396 2973 τῶν
407 2908 561 2991 θεμένων
575 2914 631 2992 τῆς
640 2913 748 2994 ψυχῆς
758 2903 896 2991 ἀργίαν·
917 2904 1039 2973 ἐνθάδε
1050 2905 1084 2972 δὲ

80 2999 165 3069 πολὺ
177 3002 308 3070 τούτων
318 3003 456 3072 κάλλιον
467 3008 740 3091 νενομοθέτηται,
760 3006 815 3073 καὶ
826 3003 908 3088 ὅπερ
921 3001 1032 3086 εἷπον,
1044 2998 1086 3070 οὐ

79 3099 198 3188 βοίδιον
210 3109 421 3190 κατανοῆσαι.

161 3206 199 3267 Χ.
242 3197 486 3289 Ἐνθυμηθέντι
502 3202 567 3288 γάρ
585 3200 635 3269 ὅτι
647 3204 773 3286 λέγεται
784 3200 922 3269 κάλλιον
931 3200 967 3268 τὸ
981 3226 1087 3286 φαυε·

79 3305 145 3383 ρως
156 3302 236 3389 έρᾷν
246 3306 308 3368 τοῦ
326 3299 455 3389 λάθρᾳ,
469 3303 529 3368 καί
545 3300 685 3386 μάλιστα
696 3307 765 3367 τῶν
777 3299 1022 3385 γενναιοτάτων
1033 3298 1088 3368 καὶ

78 3390 241 3484 ἀρίστων,
264 3392 329 3466 κάν
339 3403 485 3484 αἰσχίους
501 3396 612 3469 ἀλλων
624 3390 701 3486 οἷσι,
723 3398 778 3468 καὶ
789 3394 842 3468 ὅτι
852 3388 897 3474 αὖ
910 3388 1147 3562 {mmm-⁴
