2408 3780
158 207 221 272 246
516 208 802 269 οΛΛεααοε
913 160 921 175 ’
1112 216 1160 273 ιιι

88 387 140 442 262
242 376 334 438 ΦΑΙ.
364 366 627 454 Ἐντοίςόλίγον.

240 472 314 534 ΣΩ.
344 464 441 535 Ἀλλά
459 492 497 552 γε
515 464 556 552 δὴ
566 465 651 533 κατά
663 461 805 551 σμιιιγδν
816 469 1024 550 μεταβαίνων
1035 472 1160 551 μᾶλλον

156 564 266 652 λήσεις
276 563 387 635 ἐλθών
399 566 450 632 ἐπὶ
460 562 496 631 τὰ
510 567 662 632 ἐναντίον
672 558 694 649 ἢ
704 560 787 630 κατὰ
798 565 890 648 μέγα

241 670 330 734 ΦΑΙ.
362 658 485 740 11696'
499 660 558 741 οὕς

239 769 316 832 ΣΩ
346 760 447 829 Δεῖ’
425 758 490 846 ίιρα
506 756 567 826 τὸυ
583 756 783 845 μέλλοντα’
763 759 945 855 απατήσειν
965 759 1026 846 μὲν
1049 758 1161 846 ἄλλον,

156 858 261 929 αύτόν
272 862 308 928 δὲ
319 856 365 946 μὴ
378 853 624 944 άπαιήσεσθαι,
643 855 705 943 τὴν
722 852 898 944 ὁμοιότητα
908 863 977 958 τῶν
987 855 1100 925 ὄντων
1110 859 1162 927 καί

155 960 373 1046 ἀνομοιότητα
386 954 530 1043 ἀκριβῶς
542 955 705 1023 διειδέναι.

240 1063 330 1125 ΦΑΙ.
361 1053 503 1139 Αναγαη
513 1052 575 1139 μεν
586 1078 658 1121 ουν

239 1160 313 1222 ΣΩ.
352 1144 394 1219 Η
408 1144 471 1220 οὖν
490 1145 558 1228 οἷός
574 1176 609 1217 τε
625 1154 731 1232 ἔσται,
754 1147 916 1238 άλήδειαν
931 1149 1066 1238 άγνοῶν
1085 1153 1163 1224 ἑκά-

156 1274 253 1339 στου,
275 1250 337 1337 τὴν
357 1257 418 1317 τού
439 1245 670 1334 ἀγνοουμένου
692 1245 870 1335 ὁμοιότητα
892 1250 1036 1338 σμικράν
1054 1278 1089 1321 τε
1107 1256 1162 1321 καί

121 1369 141 1418 Β
159 1350 306 1439 μεγάλην
317 1351 354 1416 ἐν
364 1360 432 1426 τοῖς
442 1346 555 1425 ἄλλοις
567 1346 836 1432 διαγιγνώσκειν;

239 1453 330 1516 ΦΑΙ.
359 1444 549 1513 Ἀδύνατον.

239 1551 313 1614 ΣΩ.
348 1542 488 1612 Ούιιούν
500 1556 568 1623 τοῖς
579 1541 668 1628 παρὰ
679 1540 718 1612 τά
731 1542 812 1612 ὄντα
824 1545 994 1626 δοξάζουσι
1006 1548 1061 1616 καὶ
1074 1545 1162 1617 άπα-

23 1734 26 1739 .
154 1648 312 1730 τωμέυοις
329 1647 432 1728 δῆλον
450 1638 493 1720 69
503 1640 539 1709 τό
552 1641 663 1720 πάθος
672 1649 770 1710 τούτο
783 1641 828 1708 δι’
842 1639 1048 1730 ὁμοιοτήτων
1057 1654 1161 1715 τινῶν

155 1743 317 1828 εἰσερρύη.

238 1844 329 1906 ΦΑΙ.
360 1843 512 1921 Γίγνεται
521 1843 608 1922 γούν
619 1834 732 1916 οὕτως.

238 1942 313 2004 ΣΩ.
340 1933 450 2002 Ἔστιν
467 1926 532 2001 ούν
550 1932 641 2014 δτοος
654 1932 800 2020 τεχνικὸς
821 1939 911 2003 ἔσται
932 1937 1160 2025 μεταβιβάζειν

154 2035 237 2104 κατά
249 2032 390 2119 σμικρὸν
399 2029 453 2100 διδ
462 2039 530 2100 τάν
539 2028 742 2119 ὁμοιοτήτων
751 2028 817 2121 βτδ
827 2040 888 2101 τού
897 2032 994 2114 ὄντος
1002 2035 1160 2104 ἑκάστοτε

154 2135 206 2201 ἐπὶ
217 2131 416 2200 τούναντίον
426 2128 581 2216 άτάγων,
599 2125 735 2216 ἢαύτδς
745 2139 843 2199 τοῦτο
855 2132 1066 2222 διαφεύγειν,
1084 2132 1159 2222 ὁμὴ

154 2226 340 2317 ἐγνωριιιύς
351 2226 371 2297 δ
382 2231 470 2295 ἔστιν
478 2228 620 2296 ἕκαστον·
629 2237 698 2296 τοῖν
708 2226 833 2309 ὅντων;

239 2334 329 2396 ΦΑΙ.
364 2323 416 2395 Ού
426 2325 471 2414 μή
481 2349 569 2395 τοτε.

121 2447 140 2500 c
240 2432 314 2496 26.
347 2425 469 2512 Λόγων
480 2424 545 2512 άρα
557 2429 689 2515 τέχνην,
711 2419 871 2514 άὲτατρε,
894 2425 984 2515 ὁτὴυ
993 2428 1158 2518 ἀλήθειαν

154 2524 198 2611 μὴ
212 2525 321 2609 εἰδούς,
341 2525 437 2604 δόξας
449 2525 484 2591 δὲ
494 2525 721 2611 τεθηρευιιάς,
743 2532 877 2611 γελοίαν
887 2527 979 2613 τινά,
1003 2522 1046 2605 69
1058 2533 1155 2614 ἔοικε,

153 2625 207 2691 καλ
218 2621 357 2708 ἄτεχνον
367 2625 547 2707 παρέξεται

238 2727 327 2788 ΦΑΙ.
361 2720 569 2788 Κινδυνεύει.

235 2824 328 2887 XLV.
371 2825 446 2886 Σίλ
480 2819 601 2886 Βούλει
623 2810 686 2887 ούν
709 2822 745 2887 ἐν
769 2827 816 2910 τῷ
841 2827 970 2888 Λυσίου
986 2816 1135 2910 λόγῳ,
1116 2848 1157 2890 ου

151 2919 278 3003 φέρεις,
300 2916 355 2985 καί
372 2920 408 2984 ἐν
425 2911 509 2994 οἷς
490 2930 582 3000 ιγμείς
599 2925 734 3002 είτιομεν
752 2888 835 2986 ἰδεῖν
850 2944 881 2986 τι
898 2909 948 2986 οδν
959 2917 1070 3004 φαμὲν
1081 2916 1156 2987 άτέ·

150 3041 240 3102 χνων
250 3040 285 3083 τε
295 3017 350 3083 καὶ
361 3017 522 3100 ἐντεχνοον
532 3012 630 3091 εἶναι

236 3122 327 3182 ΦΑΙ.
358 3113 503 3182 Πάντὼν
519 3115 559 3199 γέ
572 3138 639 3182 που
660 3111 816 3202 μάλιστα,
840 3113 885 3194 69
905 3121 971 3183 νύν
991 3126 1030 3200 γε
1051 3121 1156 3195 ψιλοῖς

151 3237 220 3292 πως
230 3215 385 3298 λέγομεν,
398 3209 460 3280 ούιι
473 3215 625 3298 ἔχοντεςί
623 3237 709 3280 κανα
696 3213 975 3300 παραδείγματα.

234 3316 309 3378 ΣΩ.
341 3313 406 3379 Και
417 3337 484 3398 μην
494 3337 576 3380 κατα
585 3336 690 3397 τνχην
701 3315 741 3397 γέ
748 3338 838 3395 τινα,
857 3338 901 3390 ως
912 3316 1036 3396 ἔοικεν,
1055 3313 1154 3397 ἐρρη-

104 3418 131 3469 1>
145 3409 259 3492 ββτγν
277 3406 322 3474 τά
339 3409 428 3493 λόγον
445 3409 558 3495 ἔχοντί
570 3434 602 3476 τι
618 3410 841 3496 παράδειγμα,
861 3407 908 3487 '69
925 3403 969 3476 άν
980 3405 998 3475 ὁ
1009 3404 1155 3487 είδοδςτδ
