2408 3780
131 184 194 249 378
534 187 630 247 ΘΕΑ
638 189 742 247 ΓΗΣ.
1089 196 1142 249 108

132 354 233 433 ζητεῖ,
251 354 286 415 οἳ
295 351 465 416 παιδεύειν
476 350 731 432 ἐπαγγέλλονται
748 341 857 415 οἷοίτε
869 345 953 418 εἶναι
964 355 1062 428 νέους
1073 348 1141 418 άνψ

132 444 310 533 θράπους,
331 450 419 514 ἔστιν
432 449 579 513 ἐνταῦθα
596 447 650 511 καί
660 445 827 528 Πρόδικος
842 443 860 514 ὁ
872 453 970 528 Κεῖος
981 450 1035 516 καί
1047 456 1138 532 Γορ-

64 544 116 600 ¹28
131 551 204 629 γίας
222 540 241 610 ὁ
258 551 436 623 Λεοντῖνος
452 545 507 612 καὶ
521 548 640 621 Πῶλος
657 539 676 610 ὁ
698 540 948 627 Ἀκραγαντῖνος
966 549 1021 614 καὶ
1038 544 1137 615 ἄλλοι

131 649 265 727 πολλοί,
286 651 322 712 οἳ
337 642 424 712 οὕτω
441 649 544 730 σοφοί
557 647 656 728 εἰσιν,
681 640 765 710 ῶστε
777 648 822 722 είς
834 642 892 723 τάς
904 645 1015 725 πόλεις
1026 645 1136 726 ἰόντες

131 752 288 814 πείθουσι
304 752 373 813 τῶν
389 747 475 813 νέων
487 743 565 823 τοῦς
577 743 831 827 γενναιοτάτους
841 770 877 811 τε
893 746 948 813 καὶ
963 755 1136 815 πλουσιω-

129 845 265 925 τάτους,
288 837 336 921 οἷς
354 849 457 923 ἔξεστι
474 850 542 912 τῶν
559 849 704 910 πολιτῶν
722 833 805 932 ᾦάν
814 841 1001 929 βούλωνται
1012 859 1136 929 προῖκα

129 954 295 1025 συνεῖναι,
320 941 461 1019 τούτους
478 947 657 1007 πείθουσιν
673 936 913 1020 ἀπολείποντας
925 938 983 1020 τάς
993 944 1135 1010 ἐκείνων

130 1047 309 1117 συνουσίας
322 1036 434 1118 αὐτοῖς
444 1051 611 1122 συνεῖναι,
634 1042 957 1120 προσκατατιθέντας
968 1031 1135 1125 άργόριου

128 1138 219 1203 πάνυ
239 1134 326 1204 πολὺ
336 1138 472 1221 μισθόν,
484 1138 539 1204 καί
550 1137 648 1221 χάριν
663 1137 747 1222 πρός
757 1138 885 1217 τούτοις
897 1142 1026 1207 εἰδέναι.
1051 1138 1133 1206 τοῦ-

130 1258 197 1299 των
206 1231 298 1310 τινάς
309 1230 395 1312 εἰκός
406 1225 450 1319 ἦν
460 1243 693 1315 προαιρεῖσθαι
704 1236 757 1301 καί
770 1234 829 1302 τόν
839 1236 917 1304 νίόν
929 1258 992 1304 σου
1002 1239 1056 1303 καὶ
1068 1232 1131 1302 αό-

91 1344 111 1394 Β
128 1331 188 1399 τόν
199 1331 251 1415 σε’,
272 1332 328 1416 έμέ
345 1329 377 1398 δ’
389 1329 453 1398 οῦκ
465 1330 568 1410 εἰκός·
600 1329 701 1400 οὐδέν
718 1330 782 1417 γάρ
805 1333 936 1401 τούτων
953 1338 1129 1421 ἐπίσταμαι

127 1436 195 1497 τῶν
205 1435 376 1515 μακαρίων
387 1455 421 1498 τε
432 1429 487 1497 καὶ
498 1436 610 1497 καλῶν
620 1429 844 1515 μαθημάτων,
863 1433 932 1498 ἐπεὶ
943 1432 1133 1518 ἐβουλόμην

111 1588 113 1593 .
127 1526 183 1594 άν·
207 1524 292 1594 άλλά
304 1528 359 1595 καὶ
370 1529 454 1612 λέγω
467 1526 575 1613 ῦήπου
586 1528 647 1611 αἐί,
666 1525 716 1595 ὅτι
729 1524 792 1612 ε’γῶ
804 1528 973 1613 τυγχάνω,
997 1527 1042 1608 ῶς
1053 1536 1132 1607 ἔπος

128 1631 247 1710 εἰπεῖν,
270 1622 370 1693 οὐδὲν
381 1624 596 1711 ἐπιστάμενος
608 1624 696 1710 πλήν
707 1650 744 1709 γε
760 1632 905 1712 σμικροῦ
915 1624 1004 1704 τινός
1016 1626 1131 1712 μαθή-

43 1730 47 1737 “
127 1744 238 1809 ματος,
250 1731 319 1791 τῶν
330 1725 506 1806 ἐρωτικῶν.
521 1730 619 1791 τοῦτο
632 1728 742 1809 μέντοι
753 1724 790 1791 τό
802 1723 941 1809 μάθημα
952 1721 1025 1805 παρ’
1039 1721 1132 1792 ὁντι-

128 1829 213 1889 νοῦν
234 1828 393 1907 ποιοῦμαι
415 1818 524 1899 δεινός
545 1820 701 1890 εἶναικαὶ
719 1828 787 1889 τῶν
804 1820 1057 1907 προγεγονότων
1067 1819 1130 1888 ἄν’

127 1921 278 2004 θρῶπων
289 1920 344 1988 καί
354 1926 423 1987 τῶν
433 1927 507 1987 νῦν.

209 2025 276 2085 ΘΕ.
302 2014 418 2105 Ὁρᾷς,
442 2008 469 2083 ῶ
490 2015 609 2099 πάτερ,
631 2013 683 2082 ὅτι
699 2016 880 2101 Σωκράτης
900 2014 942 2082 οὐ
959 2015 1050 2083 πάνυ
1073 2043 1131 2099 μοι

127 2120 258 2184 δοκεῖτι
276 2121 345 2200 [ἔτι]
364 2117 494 2183 ἐθέλειν
512 2117 583 2201 ἐμοὶ
594 2120 856 2202 συνδιατρίβεινς
879 2117 949 2183 ἐπεὶ
960 2115 998 2184 τό
1009 2113 1035 2201 γ’
1049 2119 1132 2202 ἐμόν

89 2223 109 2276 c·
127 2215 275 2298 ἕτοιμον,
287 2210 348 2282 ἐάν
360 2205 458 2293 οὗτος
468 2215 583 2300 ἐθέλη·
606 2209 688 2280 άλλά
700 2220 803 2281 ταῦτα
815 2218 939 2294 παίζων
949 2212 1033 2299 πρὸς
1044 2211 1132 2299 ἡμᾶς

127 2319 221 2397 λέγει.
243 2315 311 2381 ἐπεὶ
323 2311 388 2399 ἐγῶ
401 2310 475 2380 οἶδα
487 2320 556 2380 τῶν
568 2314 657 2397 ἐμῶν
672 2310 859 2400 ἡλικιωτῶν
870 2315 925 2380 καί
936 2310 1036 2401 ὀλίγῳ
1048 2338 1132 2399 πρε-

126 2414 306 2509 σβυτέρων,
314 2416 349 2478 οἳ
357 2414 436 2496 πρὶν
445 2411 620 2499 μὲντοότῳ
632 2425 781 2479 συνεῖναι
789 2408 926 2490 οὐδενός
936 2403 1054 2493 άξιοι
1031 2431 1131 2498 ησαν,

126 2504 239 2594 ἐπειδὴ
250 2508 285 2578 δὲ
296 2513 514 2594 συνεγένοντο
526 2509 643 2630 τούτῳ,
658 2510 753 2577 ἐν’
707 2535 798 2576 παυυ
809 2507 908 2597 όλίγω
919 2508 1028 2599 χρόνω
1040 2509 1132 2576 πάν-

124 2633 193 2674 των
203 2614 353 2694 βελτίους
364 2597 581 2732 Qatvoth:
554 2633 602 2674 ων
613 2606 778 2693 πρότερον
788 2613 924 2692 χείρους.

211 2711 284 2773 ΣΩ.
320 2697 495 2774 Οἶσθα
452 2731 517 2773 ονν
537 2700 611 2772 οἷον
632 2705 735 2772 τοῦτό
758 2697 915 2788 ἐστιν,
888 2730 912 2770 ω
936 2718 999 2771 παῖ
998 2712 1133 2788 Δημο·

124 2803 246 2884 δόκονς

205 2908 272 2970 OE.
302 2901 371 2969 Ναὶ
382 2900 427 2987 μὰ
438 2898 494 2968 Δί’
509 2904 628 2985 ἔγωγε,
652 2899 703 2968 ὅτι
720 2902 780 2969 ἐὰν
797 2898 840 2967 σύ
850 2900 973 2987 βούλῃ,
995 2901 1050 2965 καὶ
1063 2898 1130 2984 ἐγῶ

123 2992 234 3079 οίοςτ
247 3004 362 3085 εσομαι
373 3024 521 3078 τοιουτος
529 3001 759 3083 γενεσθαι,
710 2993 835 3079 λίπερ
845 3022 899 3064 και
888 2999 1038 3063 ἐκείνοι

85 3098 99 3185 ,ζ
117 3102 132 3137 ·’
205 3103 257 3165 xl.
296 3103 372 3166 ΣΩ.
406 3089 529 3183 οὕκ,ῶ
538 3094 644 3182 γαθε,
654 3093 738 3164 αλλα
749 3114 786 3162 σε
797 3087 1029 3180 λεληθεν,οιον
1039 3117 1122 3160 τουτ

107 3193 319 3293 κᾶγκιέγῶ
332 3198 371 3265 δέ
378 3216 431 3264 σοι
442 3193 571 3281 φράσω.
602 3200 670 3262 ἔστι
688 3194 752 3278 γάρ
763 3219 794 3260 τι
811 3199 889 3280 θείᾳ
906 3199 1006 3278 μοίρᾳ
1024 3215 1133 3274 παρε-

148 3308 273 3369 ,κείνα
290 3297 362 3383 ἐμοὶ
382 3298 420 3364 ἐκ
437 3291 555 3372 παιδός
575 3292 763 3380 ἀρξάμενον
785 3260 974 3377 δαιμόνιον·
1005 3291 1131 3359 ἔστιδὲ

166 3391 385 3482 Μ,
362 3388 478 3480 ηόταν
489 3393 638 3479 γένηται,
645 3390 704 3461 άεί
713 3416 769 3477 μοι
780 3383 986 3476 σημαίνει,“
966 3381 1040 3454 οάν
1050 3392 1111 3471 μέλ
