2408 3780
72 188 75 193 ⁵
162 233 225 294 σου
519 234 805 294 ιιΛΑνααοΣ
1122 244 1172 297 ιω

246 400 321 462 Σέλ.
351 390 475 480 Ἀληθη
492 396 605 478 λέγεις.
630 391 753 460 τούτου
769 420 820 461 τοι
839 395 938 461 ἕνεκα
961 392 1024 481 χρη
1048 396 1174 474 πάντας

161 490 240 571 τούς
250 492 371 577 λόγους
382 491 453 559 ἀνω
465 493 520 558 καὶ
534 491 623 558 κάτω
635 494 902 579 μεταστρέφοντα
914 496 1126 579 ἐπισκοπεῖν,
1145 502 1175 561 εἰ

128 615 147 667 0
161 595 210 669 τίς
221 612 267 678 πη
279 589 371 680 ῥᾴων
382 593 437 658 καὶ
447 592 634 677 βραχυτέρα
645 597 797 675 φαίνεται
808 589 860 661 ἐπ’
880 589 987 678 αὐτὴν
996 589 1095 677 ὁδός,
1117 595 1173 660 ἵνα

76 776 80 781 Ι
161 686 206 774 μὴ
218 689 327 775 μάτην
341 688 469 776 πολλὴν
483 693 561 775 αἱρῇ
578 693 633 756 καί
644 704 814 777 τραχεῖαν,
838 688 913 769 ἐξὸν
931 688 1048 776 ὀλίγην
1065 716 1101 759 τε
1119 690 1172 758 καὶ

161 792 261 853 λείαν.
285 784 358 854 ἀλλ’
379 797 414 856 εί
425 787 500 855 τινά
516 812 563 874 πη
573 789 737 874 βοήθειαν
747 793 828 873 ἔχεις
839 785 1032 874 έπακηκοάς
1041 794 1172 856 Λυσίου

160 883 182 970 ἥ
194 909 283 963 τινος
295 883 410 973 ἀλλου,
422 893 528 971 πειρῶ
538 889 648 971 λέγειν
658 885 999 973 ἀναμιμνησκόμενος.

247 1005 337 1065 ΦΑΙ.
364 998 483 1067 Ἕνεκα
494 1001 556 1086 μὲν
567 1008 681 1086 πείρας
692 1001 795 1087 ἔχοιμ’
809 998 868 1085 ἀν,
891 998 964 1068 ἀλλ’
978 999 1052 1068 ούτι
1068 1006 1133 1068 νῦν
1143 997 1169 1087 γ’

164 1094 270 1174 οὕτως
281 1102 353 1180 έχω.

245 1217 321 1279 Σέλ.
355 1211 476 1280 Βούλει
487 1205 549 1280 ούν
561 1212 625 1297 έγύ
635 1211 701 1280 τιν’
719 1222 800 1280 είπω
817 1213 936 1299 λόγον,
955 1208 996 1280 όν
1012 1220 1082 1279 τῶν
1097 1214 1170 1295 περὶ

163 1334 266 1375 ταυτα
279 1336 381 1378 τινων
391 1308 534 1397 ἀκήκοας

251 1414 342 1476 ΦΑΙ.
377 1410 508 1496 mum

249 1530 324 1591 Σίλ.
356 1527 494 1610 Λέγεται
504 1535 606 1613 γοῦν,
625 1517 806 1610 ιάΦαῑδρε,
828 1526 959 1591 δίκαιον
971 1521 1054 1591 εἶναι
1067 1522 1168 1594 καὶτὰ

164 1628 224 1688 τοῦ
236 1620 342 1689 λύκου
353 1628 464 1692 εἰπεῖν.

124 1765 145 1816 1)
249 1743 339 1805 ΦΑΙ.
372 1740 437 1805 Καὶ
448 1737 492 1806 σύ
504 1766 542 1826 γε
554 1737 642 1805 οὕτω
655 1745 748 1805 ποίει.

249 1858 341 1920 LVII.
383 1858 459 1921 ΣΩ.
502 1853 588 1920 Φασὶ
608 1858 725 1919 τοίνυν
746 1848 846 1919 οὐδὲν
867 1849 955 1918 οὕτω
975 1860 1079 1919 ταῦτα
1101 1858 1171 1920 δεῖν

165 1951 343 2037 σεμνύνειν
359 1948 435 2020 οὐδ’
453 1949 591 2037 ἀνάγειν
607 1949 678 2018 ἀνω
700 1944 833 2036 μακράν
852 1953 1170 2036 περιβαλλομένους·

165 2050 355 2117 παντάπασι
372 2050 455 2135 γάρ,
479 2046 499 2116 δ
515 2049 569 2116 καὶ
585 2045 659 2115 κατ’
673 2044 774 2134 ἀρχάς
784 2055 921 2132 είπομεν
930 2051 1029 2115 τοῦδε
1038 2055 1103 2116 τοῦ
1113 2049 1172 2116 λό-

164 2174 246 2235 γου,
267 2145 318 2216 ὅτι
329 2146 430 2216 οὐδὲν
441 2146 600 2234 ἀληθείας
609 2148 754 2232 μετέχειν
766 2148 834 2214 δέοι
845 2149 984 2214 δικαίων
997 2141 1020 2233 ἢ
1030 2144 1172 2233 ἀγαθῶν

164 2250 239 2332 πέρι
256 2247 476 2334 πραγμάτων,
498 2240 522 2333 ἦ
540 2247 595 2314 καλ
611 2242 806 2331 ἀνθρώπων
827 2271 865 2331 γε
887 2244 1049 2313 τοιούτων
1072 2245 1173 2332 φύσει

164 2344 274 2414 όντων
284 2341 307 2432 ἦ
318 2353 442 2434 τροφῇ,
458 2343 519 2413 τόν
529 2349 691 2432 μέλλοντα
702 2349 824 2424 ἱκανῶς
837 2341 1015 2432 ῥητορικόν
1025 2350 1171 2414 ἔσεσθαι.

162 2441 199 2511 τό
219 2443 376 2529 παράπαν
392 2442 458 2531 γάρ
476 2443 577 2512 οὐδὲν
589 2446 626 2512 έν
636 2457 704 2523 τοῖς
721 2449 940 2531 δικαστηρίοις
950 2443 1080 2512 τούτων
1091 2442 1172 2532 ἀλη-

127 2572 149 2622 E
165 2549 260 2620 θείας
271 2546 382 2626 μέλειν
393 2541 522 2630 οὐδενί,
535 2540 619 2611 ἀλλά
629 2548 691 2610 τοῦ
700 2549 864 2610 πιθανοῦ·
880 2551 979 2611 τοῦτο
992 2541 1023 2610 δ’
1037 2542 1125 2612 εἶναι
1135 2542 1172 2612 τό

166 2642 270 2728 είκός,
292 2633 320 2731 ᾧ
337 2647 408 2710 δεῖν
426 2645 599 2732 προσέχειν
617 2639 676 2708 τὸν
692 2643 854 2726 μέλλοντα
865 2643 962 2728 τέχνη
973 2643 1071 2727 ἐρεῖν.
1095 2641 1173 2711 ούδδ

164 2741 228 2828 γάρ
248 2735 291 2809 αὖ
308 2737 348 2808 τά
366 2745 558 2828 πραχθέντα
575 2746 646 2808 δεῖν
662 2743 770 2825 λέγειν
782 2742 897 2826 ἐνίοτε,
908 2741 968 2809 έάν
979 2737 1023 2828 μη
1037 2742 1173 2821 είκότως

163 2834 185 2931 ᾖ
198 2842 428 2926 πεπραγμένα,
452 2836 535 2908 ἀλλά
545 2838 586 2907 τά
597 2840 723 2923 εἰκότα,
735 2842 772 2905 ἔν
781 2863 818 2905 τε
827 2848 1008 2928 κατηγορία
1019 2839 1075 2908 καί
1087 2835 1173 2907 ἀπο-

164 2947 275 3029 λογίᾳ·
298 2941 353 3008 καί
369 2938 655 3024 πάντως“λέγοντα
672 2935 709 3002 τό
729 2932 769 3021 δὴ
787 2933 874 3016 είκός
897 2941 1055 3006 διωκτέον
1077 2937 1171 3025 είυαι,

95 3064 148 3120 ςχς
165 3038 269 3106 πολλά
281 3036 416 3105 εἰπόντα
427 3043 554 3124 χαίρειν
563 3044 610 3127 τῷ
620 3033 755 3120 ἀληθεῖ·
777 3041 875 3103 τοῦτο
891 3034 956 3121 γάρ
975 3036 1030 3104 διά
1047 3034 1173 3115 παντὸς

1 3175 3 3178 ·
163 3144 225 3205 τοῦ
235 3137 339 3223 λόγου
350 3137 553 3223 γιγνόμενον
563 3132 627 3220 τὴν
637 3131 771 3202 ἅπασαν
781 3136 900 3222 τέχνην
909 3142 1065 3221 πορίζειν.

249 3256 338 3317 ΦΑΙ.
372 3249 469 3319 Αύτά
477 3277 525 3339 γε,
539 3243 566 3319 ἀ
574 3250 761 3338 Σιόκρατες,
775 3249 974 3339 διελήλυθας
984 3250 1006 3322 ἀ
1016 3258 1172 3341 λέγουσιν

52 3306 62 3401 ί
164 3353 199 3417 οί
214 3349 289 3432 περὶ
304 3345 382 3428 τούς
398 3349 520 3434 λόγους
535 3352 677 3437 τεχνικοί
692 3349 975 3437 προσποιούμενοι
986 3352 1081 3423 εἶναι.
1092 3353 1172 3425 ἀνε-

52 3536 64 3556 Ι
140 3445 315 3531 Μάσδην
331 3444 401 3537 γάρ
420 3446 474 3519 ὅτι
495 3451 533 3520 ἐν
549 3456 597 3540 τῷ
614 3448 768 3538 πρόσθεν
786 3450 930 3539 βραχέως
943 3460 1006 3521 τοῦ
1015 3455 1172 3525 τοιούτου
