2408 3780
67 222 111 278 49
421 148 738 277 ΣΥΜΠΟΣΙόΝ.
1022 217 1081 282 187

71 400 133 440 ναι
154 373 263 442 πάντα
284 371 391 458 άνδρα
411 371 472 440 τόν
487 372 612 459 Ἔρωτα
629 383 743 464 τιμάν,
767 379 821 444 καὶ
838 375 937 458 αὐτὸς
948 387 1029 464 τιμῶ
1040 378 1079 446 τά

65 468 217 558 ἐρωτικά
229 472 283 538 καί
295 470 518 558 διαφερόντως
528 470 637 558 άσκῶ,
659 477 714 542 καὶ
730 489 797 554 τοῖς
813 473 925 554 άλλοις
935 501 1081 559 παρακε-

71 569 232 655 λεύομαι,
254 572 308 636 καὶ
325 576 390 636 νῦν
406 596 440 638 τε
458 573 513 639 καὶ
531 569 581 640 άεί
598 572 785 657 έγκωμιάζω
801 571 864 659 τὴν
875 573 1018 659 δύναμιν
1027 577 1081 643 καὶ

72 666 235 752 ἀνδρείαν
245 676 305 736 τοῦ
315 665 457 754 ’Ἑρωτος
467 666 549 736 καθ’
566 667 648 737 ὅσον
661 665 730 749 οἷός
740 667 770 738 τ’
792 677 865 757 είμί.
886 679 1004 740 τοῦτον
1016 667 1081 741 οὐν
1100 684 1119 736 c

71 765 137 835 τόν
157 766 268 852 λόγον,
294 759 321 835 ά
344 773 483 852 Φαῖδρε,
506 773 535 837 εί
554 767 615 854 μὲν
636 768 766 854 βούλει,
787 766 830 847 ὡς
852 769 1013 856 έγκάμιον
1036 778 1081 850 είς

59 864 195 951 Ἔρωτα
205 863 346 950 νόμισον
357 871 527 952 εἰρῆσθαι,
547 871 578 934 εί
586 870 636 950 δέ,
654 864 715 933 ότι
725 867 779 934 καὶ
791 865 857 956 ὅπη
867 875 989 954 χαίρεις
1002 867 1080 938 όνο-

72 964 186 1052 μάζων
193 1014 202 1047 ,
215 970 313 1031 τοῦτο
325 961 473 1050 ὀνόμαζε.

158 1069 255 1131 XXX.
297 1065 459 1142 Εἰπόντος
471 1062 507 1131 δέ
523 1070 626 1132 ταῦτα
643 1071 703 1132 τοῦ
715 1064 917 1151 Σωκράτους
929 1065 1008 1146 τούς
1019 1071 1080 1153 μὲν

71 1163 237 1247 ἐπαινεῖν,
259 1159 318 1229 τόν
340 1161 376 1228 δέ
392 1160 611 1248 Ἀριστοφάνη
633 1164 741 1248 λέγειν
761 1192 792 1232 τι
814 1167 1003 1251 ἐπιχειρεῖν,
1030 1165 1080 1233 ὅτι

71 1260 225 1347 ἐμνήσθη
242 1257 347 1328 αὐτού
363 1266 467 1346 λε’γων
484 1258 502 1329 ὁ
520 1261 701 1349 Σωκράτης
718 1267 791 1349 περὶ
808 1272 870 1333 τοῦ
885 1267 1004 1350 λόγου·
1025 1267 1079 1332 καὶ

72 1361 229 1444 ἐξαίφνης
239 1357 302 1445 τὴν
313 1358 431 1427 αὐλιον
441 1360 556 1444 θύραν
565 1367 773 1448 κρουομένην
782 1362 890 1432 πολύν
898 1363 1005 1449 ψόγον
1015 1389 1079 1430 πα-

66 1470 209 1543 ρασχεῖν
229 1454 273 1536 ὡς
289 1465 490 1544 κωμαστῶν,
512 1461 567 1525 καὶ
584 1457 780 1546 αὐλητρίδος
797 1461 915 1548 φωνην
932 1460 1076 1528 άκούειν.

72 1555 135 1624 τόν
145 1549 210 1623 οὐν
220 1553 409 1641 Ἀγάθωνα,
421 1560 555 1640 Παῖδες,
568 1557 688 1642 φάναι,
702 1557 744 1625 οὐ
754 1562 936 1641 σκέψεσθες
953 1563 1007 1628 καίΙ
1018 1559 1076 1628 έάν
1094 1574 1115 1625 Ι)

75 1659 136 1740 μέν
147 1681 195 1734 τις
207 1661 274 1722 τῶν
285 1657 477 1740 ἐπιτηδείων
486 1647 524 1742 ᾖ,
542 1664 685 1723 καλεῖτε·
703 1662 732 1724 εί
743 1656 777 1724 δέ
788 1657 843 1744 μή,
856 1663 964 1742 λέγετε
975 1654 1024 1726 ὅτι
1037 1656 1079 1725 οὐ

74 1760 225 1839 πίνομεν,
248 1752 330 1821 άλλά
352 1752 594 1840 άναπαυόμεθα
609 1752 682 1841 ἤδη.
706 1758 760 1824 καὶ
776 1753 817 1822 ού
834 1755 920 1823 πολύ
937 1753 1079 1839 ὕστερον

66 1847 282 1937 Ἀλκιβιάδου
299 1848 361 1937 τὴν
378 1850 496 1938 φωνην
514 1849 652 1921 άκούειν
670 1856 705 1921 έν
724 1859 764 1942 τῇ
774 1851 862 1942 αὐλῇ
873 1855 1004 1941 σφόδρα
1019 1880 1078 1941 με·

77 1949 221 2027 θύοντος
231 1951 286 2017 καὶ
297 1951 379 2034 μέγα
392 1957 554 2036 βοῶντος,
570 1955 756 2034 ἐρωτῶντος
767 1952 853 2022 ὅπου
862 1951 1014 2039 Ἀγάθων
1025 1955 1079 2021 καὶ

76 2047 271 2127 κελεύοντος
287 2047 381 2134 άγειν
398 2046 477 2134 παρ’
494 2046 677 2133 Ἀγάθωνα.
694 2051 789 2137 άγειν
802 2044 978 2118 ούναύτόν
989 2051 1078 2134 παρὰ

77 2155 163 2232 σφᾶς
184 2146 245 2232 τήν
265 2171 299 2214 τε
317 2143 496 2232 αὐλητρίδα
514 2144 751 2236 ὑπολαβοῦσαν
772 2152 827 2218 καί
848 2148 969 2229 άλλους
988 2148 1079 2229 τινάς

74 2252 142 2313 τολν
154 2243 370 2327 άκολούθων,
395 2246 450 2312 καὶ
461 2248 629 2331 έπιστηναι
639 2249 692 2315 ἐπὶ
703 2245 762 2326 τάς
770 2248 880 2331 θύρας
891 2252 1080 2334 ἐστεφανω-

76 2345 177 2430 μένον
195 2340 299 2409 αὐτόν
315 2349 428 2410 κιττοῦ
444 2346 482 2411 τὲ
495 2371 560 2411 τινι
574 2345 727 2434 στεφάνῳ
745 2350 841 2413 δασεῖ
853 2347 907 2412 καὶ
924 2355 1001 2429 ἴων,
1024 2347 1078 2413 καὶ
1096 2365 1116 2413 Ε

75 2448 202 2520 ταινίας
215 2447 330 2526 ἔχοντα
348 2443 399 2510 ἐπὶ
409 2449 466 2528 τῆς
477 2450 621 2528 κεφαλῆς
631 2442 721 2509 πάνυ
733 2443 872 2527 πολλάς,
894 2444 949 2510 καὶ
961 2448 1078 2510 εἰπεῖν·

72 2542 221 2626 Ἄνδρες,
239 2541 380 2625 χαίρετε·
401 2539 571 2626 μεθύοντα
581 2540 689 2626 ἄνδρα
700 2542 791 2610 πάνυ
801 2540 931 2626 σφόδρα
944 2543 1079 2620 δέξεσθε

76 2639 266 2726 συμπότην,
278 2633 301 2725 ἢ
311 2636 459 2723 ἀπίωμεν
472 2636 694 2726 άναδήσαντες
704 2637 1010 2727 μόνονἈγάθωυα,
1021 2637 1076 2726 ἐφ’

77 2731 167 2831 ᾇπερ
178 2737 341 2824 ἤλθομεν;
364 2737 426 2821 έγά
438 2736 502 2823 γάρ
514 2763 581 2824 τοι,
600 2738 718 2826 φάναι,
736 2739 814 2826 χθὲς
824 2744 885 2826 μέν
896 2737 957 2825 οὐχ
969 2735 1037 2817 οἷός
1048 2736 1077 2806 τ’

76 2836 240 2924 ἐγενόμην
252 2833 447 2921 ἀφικέσθαι,
466 2842 531 2903 νῦν
547 2835 582 2905 δὲ
592 2835 663 2923 ἥκω
675 2841 727 2906 έπλ
737 2845 779 2926 τῇ
788 2845 916 2927 κεφαλῇ
928 2843 1011 2923 ἔχων
1022 2835 1079 2915 τάς

76 2941 219 3019 ταινίας,
241 2937 297 3001 ἵνα
309 2930 374 3002 άπό
392 2942 449 3021 τῆς
465 2938 543 3022 ἐμῆς
559 2943 704 3021 κεφαλῆς
717 2934 779 3022 τὴν
800 2942 861 3004 τού
883 2934 1080 3021 σοφωτάτου

77 3037 132 3103 καὶ
150 3039 328 3101 καλλίστου
345 3030 493 3118 κεφαλὴν
516 3032 663 3102 άνειπάν
685 3032 805 3101 οὑτωσὶ
826 3032 991 3121 άναδάσω.
1015 3025 1080 3116 άρα
1098 3084 1106 3090 -.

80 3129 349 3217 καταγελάσεσθέ
357 3155 423 3217 μου
435 3129 479 3212 ύς
489 3133 692 3218 μεθύοντος;
704 3129 767 3217 έγά
781 3134 832 3217 δέ,
846 3131 910 3199 κάν
919 3128 1012 3217 ὑμεῖς
1022 3157 1080 3215 γε-

78 3239 166 3317 λᾶτε,
179 3229 267 3318 ὅμως
280 3220 319 3296 εὐ
330 3226 393 3297 οἶδ’
406 3227 457 3297 ότι
468 3227 580 3317 άληθη
589 3231 683 3316 λέγω.
695 3227 779 3298 άλλά
790 3254 845 3317 μοι
856 3232 965 3315 λέγετε
976 3227 1078 3298 αὐτό·
1096 3240 1149 3297 213

77 3341 158 3417 θεν,
172 3332 224 3397 έπλ
234 3331 344 3416 ῥητοῖς
357 3334 445 3396 είσίω
455 3324 478 3415 ἢ
488 3329 550 3417 μιῇ
572 3334 755 3416 συμπίεσθε
769 3323 860 3416 ἦού;
882 3328 1006 3408 πάντας
1016 3320 1080 3396 οὐν
1149 3352 1171 3435 [³.

78 3427 333 3514 άναθορυβῆσαι
352 3430 406 3495 καὶ
423 3429 572 3498 κελεύειν
591 3431 727 3499 εἰσιέναι
741 3429 799 3498 καί
813 3435 1100 3502 κατακλίνεσθαι,
1164 3438 1171 3487 ’ὲ
