2408 3780
81 188 110 239 17
419 183 737 242 ΣΤΜΠΟΣΙΟΝ.
1028 183 1086 247 155

75 347 291 426 παραχρῆμα,
315 333 343 409 ω’
368 346 508 427 Φαῖδρε,
531 342 607 423 περὶ
620 340 764 426 Ἔρωτος
786 346 1024 434 συμβάλλομαι.
1046 389 1083 400 -

76 444 273 505 Παυσανίου
286 439 321 506 δέ
332 443 563 522 παυσαμένου,
577 439 771 509 διδάσκουσι
782 442 845 527 γάρ
857 470 897 531 με
908 455 963 513 ίσα
975 450 1083 530 λέγειν

73 534 197 605 ούτωσὶ
209 540 243 605 ολ
250 542 359 622 σοφοί,
372 541 435 623 ἔφη
444 532 462 604 ὁ
470 533 703 624 Ἀριστύδημος
713 543 784 607 δεῖν
793 542 855 627 μὲν
863 539 1081 630 Ἀριστοφάνη

75 638 200 721 λέγειν,
218 648 328 720 τυχεῖν
340 638 374 703 δὲ
386 633 478 726 αύτῷ
488 633 561 704 τινὰ
572 631 594 721 ῆ
606 631 671 702 ῦπδ
684 645 873 725 πλησμονῆς
883 635 906 725 ῆ
918 636 983 708 ὑπό
994 667 1083 719 τινος

77 734 183 802 ἄλλον
193 734 300 819 λύχχα
317 737 581 803 ἐπιπεπτωκυῖαν
598 735 653 802 καὶ
665 732 726 820 οὐχ
738 731 857 804 οἷόντε
869 735 953 804 εἶναι
964 742 1081 823 λέγειν,

73 828 148 900 ἀλλ’
171 835 274 900 εἰπεῖν
292 828 396 900 αύτόν
411 871 454 883 -·
471 834 508 899 έν
525 838 567 918 τῆ
584 831 673 898 κύτω
690 829 753 918 γὰρ
772 830 876 901 αύτοῦ
892 835 952 902 τὸν
969 833 1083 918 ίατρδν
1100 854 1121 905 D

1 998 3 1003 .
70 929 285 1018 Ἐρυξίμαχον
302 941 517 1000 κατακεῖσθαι
541 974 570 985 -
589 922 628 996 Ὦ
644 928 847 1018 Ἐρνξίμαχε,
872 938 998 1012 δίκαιος
1016 930 1082 1020 είῆ

73 1036 203 1099 παῦσαί
220 1056 260 1118 με
280 1037 338 1117 τῆς
359 1028 482 1116 λυγμὸς
502 1025 524 1117 ῆ
545 1033 653 1114 λέγειν
674 1027 758 1112 ὑπὲρ
771 1032 868 1115 ἐμοῦ,
891 1028 1080 1117 ἕωςίίνέμύ

74 1130 261 1217 παύσωμαι.
284 1131 340 1199 καὶ
358 1128 417 1197 τδν
431 1126 643 1216 Ἐρυξίμαχον
662 1135 765 1198 εἰπεῖν
774 1128 868 1198 Ἀλλδ
881 1132 1007 1218 ποιήσω
1018 1130 1082 1217 ύμ-

74 1227 201 1316 φύτερα
223 1235 337 1298 ταῦτα.
361 1224 423 1312 ἐμοὶ
442 1228 504 1313 μὲν
520 1225 585 1314 χδρ
603 1231 666 1311 ἐροῦ
683 1231 721 1297 έν
737 1236 785 1320 τῷ
802 1237 851 1318 σῷ
861 1233 967 1317 μέρει,
991 1229 1034 1297 σύ
1047 1228 1078 1296 δ’

71 1325 208 1395 ἐπειδὰν
219 1327 347 1414 παύσῃ,
370 1329 461 1412 ἐντῷ
472 1329 556 1417 έμχῦ·
574 1329 611 1394 έν
623 1317 652 1415 ᾦ
663 1325 694 1394 δ’
706 1322 749 1394 ύυ
761 1323 824 1413 έχεδ
837 1328 939 1412 λέγω,
952 1325 1012 1394 ἐὰν
1021 1329 1082 1412 μέν

74 1445 129 1493 σοι
151 1428 251 1513 έδίλῃ
277 1421 436 1493 ἀπνευστὶ
464 1429 570 1510 ἔχοντι
591 1423 701 1493 πολύν
721 1427 845 1510 χρόνον
871 1425 1039 1494 παύεσθαι
1059 1454 1080 1513 ῃ

75 1524 172 1608 λύγξ’
197 1528 227 1591 εί
245 1522 280 1591 δὲ
296 1522 359 1610 μῆ,
382 1520 480 1590 ύδατι
499 1521 794 1610 οἳνακογχυλίασον.
819 1530 848 1593 εί
863 1522 893 1592 δ’
910 1521 974 1610 ἄρα
988 1526 1114 1593 πύνυΕ

77 1622 195 1709 ίσχυρύ
207 1623 312 1709 ἐστιν,
331 1620 510 1708 αὐαλαβύν
526 1649 557 1689 τι
568 1629 721 1691 τοιοῦτον
732 1627 790 1712 οἵω
802 1623 951 1710 κινῆσαις
963 1619 1006 1690 σίν
1017 1622 1079 1710 τῆν

72 1724 164 1808 ῥῖνα,
187 1720 304 1809 πτύρε·
326 1723 381 1790 καὶ
401 1719 461 1789 ἐὰν
477 1727 576 1790 τοῦτο
594 1722 732 1810 ποιήσῃς
749 1721 834 1801 ἅπαξ
851 1715 872 1808 ῆ
892 1724 958 1806 δίς,
980 1722 1034 1788 καὶ
1052 1727 1083 1788 εί

73 1821 164 1889 πάνυ
184 1820 301 1908 ἰσχυροί
324 1823 407 1904 ἐστι,
429 1819 599 1888 παύσεται.
646 1817 718 1889 Ούκ
735 1816 778 1888 δν
795 1819 942 1906 φθάνοις
962 1821 1079 1905 λέγων,

72 1921 179 2005 φάναι
189 1919 248 1989 τὸν
255 1918 475 2007 Ἀριστοφάνη
486 1946 493 1958 ·
505 1917 569 2004 ἐμοὶ
582 1923 730 1988 δὲταῦτα
741 1920 878 2006 ποιήσω.

157 2023 221 2086 ΧΗ.
261 2024 377 2088 Είπεῖν
388 2017 428 2105 δῆ
447 2015 508 2087 τδν
523 2017 748 2109 Ἐρυξίμαχον,
772 2029 878 2088 Δοκεῖ
893 2025 1008 2086 τοίνυν
1025 2044 1080 2104 μοι

72 2114 255 2202 ἀναγκαῖον
266 2113 366 2202 εἶναι,
392 2116 502 2207 έπειδῆ
514 2126 708 2200 Παυσανίας
719 2118 867 2208 ὁρμήσας
884 2121 935 2187 ἐπὶ
948 2116 1009 2187 τδν
1019 2118 1079 2186 λύ-

72 2240 135 2301 χου
157 2224 267 2296 καλῶς
287 2214 348 2302 ούχ
372 2221 494 2296 ίκανοίς
517 2215 705 2306 ἀπετέλεσε,
729 2224 800 2287 δεῖν
821 2219 876 2304 ἐμὲ
897 2226 1079 2300 πειρᾶσθαι
1097 2237 1147 2292 186

71 2318 163 2394 τέλος
179 2318 344 2384 ἐπιθεῖναι
361 2323 406 2405 τῷ
425 2315 521 2406 λόγῳ.
546 2316 583 2384 τδ
602 2315 745 2403 μὲνγὰρ
764 2322 906 2384 διπλοῦν
923 2315 1006 2383 εἶναι
1017 2315 1077 2383 τδν

66 2412 190 2499 Ἔρωτα
204 2418 296 2482 δοκεῖ
309 2441 365 2502 μοι
382 2424 490 2494 καλῶς
502 2416 688 2483 διελέσθαι·
711 2412 762 2481 δτι
773 2415 808 2481 δὲ
819 2412 860 2480 ού
870 2414 976 2499 μόνον
988 2416 1077 2482 ἐστὶν

71 2515 124 2582 ίπδ
140 2527 211 2592 ταῖς
227 2528 344 2598 ψυχαῖς
359 2523 428 2583 τῶν
446 2514 640 2599 ἀνθρώπων
657 2510 739 2595 πρὸς
755 2510 832 2591 τούς
850 2510 974 2592 καλούς
993 2510 1076 2581 ἄλλα

69 2615 125 2680 καὶ
142 2609 226 2698 πρὸς
243 2613 326 2681 ἄλλα
342 2611 447 2684 πολλὰ
465 2615 519 2681 καὶ
538 2616 575 2682 ἐν
592 2624 659 2690 τοῖς
674 2609 801 2696 ἄλλοις,
813 2625 881 2690 τοῖς
896 2637 931 2679 τε
950 2613 1077 2697 σώμασι

69 2716 138 2777 τῶν
159 2709 295 2779 πάντων
318 2711 411 2793 ξύων
432 2716 487 2780 καὶ
505 2725 573 2791 τοῖς·
591 2712 628 2777 ἐν
643 2716 683 2796 τῆ
700 2717 743 2797 γῆ
760 2713 942 2796 φυομένοις
958 2715 1012 2780 καὶ
1033 2709 1077 2790 ὠς

68 2812 146 2886 ἔπος
158 2812 262 2876 εἰπεῖν
273 2813 310 2877 έν
321 2816 401 2877 πᾶσι
412 2825 480 2889 τοῖς
492 2804 585 2896 ούσι,
606 2813 858 2893 καθεωρακέναι
872 2836 928 2897 μοι
941 2814 1030 2878 δοκοῦ
1040 2813 1075 2877 ἐκ

67 2914 125 2993 τῆς
137 2913 293 2994 ἰατρικῆς,
306 2915 363 2994 τῆς
380 2905 538 2995 ἡμετέρας
548 2911 677 2996 τέχνης,
701 2906 746 2987 ύς
757 2913 858 2995 μέγας
876 2913 930 2977 καὶ
941 2919 1078 2995 θαυμα-

67 3004 146 3084 στδς
165 3007 219 3074 καὶ
237 3008 290 3075 ἐπὶ
310 3014 380 3075 ποῒν
396 3005 414 3074 ὁ
432 3007 514 3088 θεὸς
530 3016 630 3076 τείνει
646 3009 701 3075 καὶ
718 3004 791 3074 κατ’
810 3004 1010 3090 ἀνθρώπινα
1021 3008 1076 3075 καὶ
1093 3023 1114 3072 Β

65 3101 149 3172 κατὰ
161 3113 239 3172 θεῖα
251 3105 435 3192 πράγματα.
457 3107 596 3193 ἄρξομαι
608 3109 644 3174 δὲ
655 3103 719 3172 οἷπδ
732 3114 789 3190 τῆς
800 3111 946 3189 ἰατρικῆς
958 3107 1074 3189 λέγων,

64 3205 121 3270 ἵνα
131 3204 187 3271 καὶ
199 3204 434 3291 πρεσβεύσομεν
443 3207 504 3291 τῆν
515 3209 640 3290 τέχνην.
662 3199 757 3289 ῆχδρ
769 3200 870 3287 φύσις
881 3206 950 3268 τοῖν
961 3200 1076 3287 σωμά-

64 3326 136 3367 των
155 3298 216 3368 τδν
237 3305 379 3369 διπλοῦν
392 3299 518 3386 Ἔρωτα
536 3310 657 3369 τοῦτον
675 3306 746 3387 ἔχει.
770 3298 805 3368 τδ
824 3299 890 3386 γὰρ
906 3297 996 3386 ὑγιές
1013 3202 1119 3407 205³*

63 3400 217 3479 σώματος
238 3402 294 3468 καὶ
314 3401 351 3468 τδ
379 3410 505 3471 νοσοῦν
534 3399 814 3493 ὁμολογουμένως
833 3400 955 3488 ἕτερον
976 3424 1017 3464 τε
1036 3396 1119 3544 mi
