2408 3780
43 242 44 249 x
161 180 219 243 [τε
525 183 812 265 πΛΑνειαοη

156 348 294 428 χαίρειν,
305 340 385 430 μήτε
396 339 433 410 τὸ
447 343 606 426 παράπαν
617 342 797 428 χηνῶσκοι
807 348 842 410 τί
849 365 929 410 ποτε
939 343 1090 412 πέπονθε
1102 342 1164 413 πά-

121 446 236 524 Εθος,
261 439 335 528 μήτ’
355 433 399 509 αὖ
417 441 551 527 μνήμην
567 447 628 508 τοῦ
640 438 772 518 πάδους
783 439 862 526 μηδ’
874 437 1031 508 ὁντινοῦν
1043 436 1181 527 χρονυν

158 542 234 621 ἔχοι.
257 535 361 606 ταύτά
375 541 410 605 δδ
424 539 508 622 λέγω
520 539 575 606 καί
587 539 663 623 περὶ
674 536 885 623 φρονήσεως,
908 547 943 606 εί
948 565 996 618 τις
1006 537 1091 607 ἄνευ
1102 541 1166 608 πά-

157 655 216 721 σης
229 634 351 724 ηδονης
362 637 418 705 καὶ
428 643 486 722 τῆς
496 635 702 723 βραχυτάτης
713 633 833 714 δέξαιτ’
851 631 895 703 άν
906 635 1072 722 φρόνησιν
1082 643 1167 724 ἔχειν

159 744 286 822 μᾶλλον
296 732 319 823 ἢ
329 735 410 822 μετά
421 761 524 803 τινων
533 731 678 820 ἡδονῶν,
689 729 711 820 ἢ
721 733 829 813 πάσας
838 731 961 820 ἡδονάς
971 735 1069 820 χωρίς
1081 760 1167 821 φρο-

160 835 286 921 νήσεως
297 841 425 921 μᾶλλον
435 828 458 918 ἦ
468 831 548 919 μετὰ
562 832 756 920 φρονήσεως
768 824 812 899 αὖ
823 833 923 912 τινάς.

242 937 345 999 Hm.
381 927 453 999 Οὐκ
465 937 564 1018 ἔστιν,
576 923 604 998 ῶ
611 930 799 1017 Σῶκρατες,
811 929 878 999 ἀλλ’
892 929 993 999 οὐδὲν
1002 935 1053 999 δεῖ
1063 932 1166 999 ταῦτά

159 1053 196 1113 χε
209 1028 367 1105 πολλάκις
378 1032 554 1116 ἐπερωτᾷν.

108 1139 141 1191 61
245 1130 318 1191 ΣΠ.
355 1122 493 1192 Οὐκοῦν
504 1125 543 1194 τό
560 1153 597 1211 χε
614 1128 731 1195 τέλεον
739 1131 793 1196 καὶ
805 1135 908 1195 πᾶσιν
918 1124 1051 1210 αἱρετὸν
1062 1130 1165 1196 καὶτὸ

161 1221 371 1288 παντάπασιν
384 1218 518 1306 άχαδόν
530 1221 706 1310 οὐδέτερον
716 1221 760 1293 άν
770 1224 900 1294 τούτων
912 1235 978 1312 εἴης

242 1325 345 1386 Hm.
376 1317 601 1405 Πῶςχάράνς

244 1422 320 1485 ΣΠ.
357 1412 401 1483 T&
420 1424 535 1485 τοίνυν
553 1415 684 1503 άχαθὸν
700 1418 773 1505 ἤτοι
789 1427 903 1506 σαφῶς
918 1417 941 1507 ἦ
958 1427 1016 1489 καί
1022 1447 1095 1489 τινα
1106 1422 1167 1488 τά·

161 1539 226 1585 που
241 1513 346 1584 αὐτοῦ
355 1518 513 1602 ληπτέον,
533 1513 579 1583 ἵν’
600 1514 682 1600 ὅπερ
694 1521 832 1604 λέγομεν
844 1523 1011 1603 δευτερεῖα
1023 1515 1087 1608 ὅτῳ
1101 1518 1167 1587 δῶ-

162 1619 407 1700 σομενέχωμεν.

244 1716 347 1780 ΠΡΩ.
378 1708 683 1798 Ὀρδόταταλέχεις.

244 1815 319 1875 ΣΠ.
352 1805 489 1876 Οὐκοῦν
499 1805 580 1878 ὁδὸν
587 1812 649 1895 μέν
659 1835 732 1877 τινα
743 1812 795 1879 ἐπί
805 1809 957 1896 τάγαθόν
968 1810 1167 1896 εἰλήφαμεν;

245 1912 347 1975 ΠΡΩ.
385 1914 484 1986 Τίνας

244 2011 320 2074 ΣΠ.
354 2005 519 2090 Καθάπερ
533 2014 566 2073 εί
577 2012 625 2084 τίς
643 2032 717 2073 τινα
728 2005 913 2090 άνθροιπον
930 2012 1033 2091 ζητῶν
1044 2005 1105 2090 τήν
1117 2016 1168 2072 οί-

124 2123 142 2172 Β
161 2122 258 2191 κησιν
269 2111 402 2188 πρῶτον
413 2101 542 2188 ὀρθῶς,
564 2102 609 2170 ἵν’
624 2109 722 2189 οἰκεῖ,
746 2101 882 2173 πάθοιτ’
900 2101 1020 2189 αὐτοῦ,
1042 2106 1126 2190 μέγα
1137 2131 1167 2172 τι

162 2203 203 2289 δή
214 2225 280 2269 που
291 2198 375 2284 πρὸς
385 2198 447 2286 την
458 2199 590 2284 εὕρεσιν
603 2195 647 2267 άν
658 2205 725 2287 έχοι
735 2209 796 2269 τοῦ
810 2205 1020 2288 ζητουμένου.

244 2303 347 2366 Hm.
382 2305 459 2378 Πῶς
471 2295 502 2365 δ’
517 2297 574 2379 οῶ
566 2327 573 2342 ·

244 2403 318 2465 ΣΠ.
350 2399 417 2465 Καί
434 2405 499 2466 νῦν
518 2399 559 2484 δή
570 2424 618 2477 τις
634 2397 732 2484 λόχος
752 2396 953 2499 έμήυυσεν“
936 2412 1033 2485 ημῖν,
1056 2397 1167 2482 ῶσπερ

161 2496 215 2561 καί
225 2492 298 2562 κατ’
312 2492 424 2580 ἀρχάς,
436 2523 481 2582 μη
471 2496 598 2582 ζητεῖν
609 2499 646 2565 έν
660 2523 704 2585 τῳ
693 2491 902 2613 άμίκτηηχλ
891 2523 918 2563 ω
929 2494 1083 2582 τάγαθὸν
1093 2493 1167 2565 ἀλλ’

160 2593 198 2657 ἐν
209 2599 254 2679 τῷ
266 2600 377 2681 μικτῶ.

243 2695 347 2758 ΠΡΩ.
378 2690 477 2757 Πάνυ
487 2717 533 2776 χε.
887 2672 923 2745 N

244 2793 322 2855 ΣΩ.
350 2785 456 2867 Ἐλπίς
477 2816 544 2875 μην
564 2797 686 2858 πλείειν
707 2797 744 2860 ἐν
759 2800 805 2882 τῷ
827 2760 1166 3262 μιχδῖιλῶς
1132 2817 1168 2860 το

160 2884 363 2971 ζητούμενον
373 2891 510 2955 ἔσεσθαι
522 2886 788 2978 ρανερῶτερουῆ
799 2896 837 2960 έν
846 2901 894 2982 τῶ
906 2895 951 2982 μή

243 2989 349 3052 Hm.
381 2983 478 3053 Πολύ
488 3011 535 3071 χε.

242 3087 316 3151 Σέδ.
351 3088 426 3160 Τοῖς
437 3079 477 3169 δὴ
491 3091 581 3162 θεοῖς
588 3076 637 3168 ,ῶ
648 3086 844 3174 Πρώταρχε,
862 3086 1001 3177 εὐχόμεν
1049 3109 1173 3167 κεραν-

123 3200 141 3249 c
160 3180 307 3266 νύοιμευ,
334 3190 398 3250 είτε
414 3182 582 3263 Διόνυσος
599 3193 662 3254 είτε
677 3182 858 3271 Ἥφαιστος
877 3186 943 3256 &W
965 3190 1024 3260 ὅστ
1080 3191 1174 3250 θεῶν

159 3277 284 3363 ταύτην
293 3277 355 3364 την
366 3280 464 3367 τιμήν
476 3290 583 3368 είληχε
594 3289 651 3370 τῆς
662 3284 882 3370 συγκράσεως.

243 3381 344 3442 ΠΡΩ.
378 3379 478 3447 Πάνυ
488 3383 549 3465 μέν
564 3372 636 3448 οὖν.
1008 3288 1034 3617 ξ

1020 3620 1048 3740 λ
