<?xml version="1.0" encoding="UTF-8"?>
<!DOCTYPE html PUBLIC "-//W3C//DTD XHTML 1.0 Transitional//EN"
    "http://www.w3.org/TR/xhtml1/DTD/xhtml1-transitional.dtd">
<html xmlns="http://www.w3.org/1999/xhtml" xml:lang="en" lang="en">
 <head>
  <title>
</title>
<meta http-equiv="Content-Type" content="text/html;charset=utf-8" />
  <meta name='ocr-system' content='tesseract 3.04.00' />
  <meta name='ocr-capabilities' content='ocr_page ocr_carea ocr_par ocr_line ocrx_word'/>
</head>
<body>
  <div class='ocr_page' id='page_1' title='image "./dialogisecundum03platgoog_0191.png"; bbox 0 0 2408 3780; ppageno 0'>
   <div class='ocr_carea' id='block_1_1' title="bbox 132 36 1202 223">
    <p class='ocr_par' dir='ltr' id='par_1_1' title="bbox 132 36 1202 223">
     <span class='ocr_line' id='line_1_1' title="bbox 1187 36 1202 71; baseline 0 0"><span class='ocrx_word' id='word_1_1' title='bbox 1187 36 1202 71; x_wconf 62' lang='grc' dir='ltr'><em>δ</em></span> 
     </span>
     <span class='ocr_line' id='line_1_2' title="bbox 132 144 1202 223; baseline 0.001 -1"><span class='ocrx_word' id='word_1_2' title='bbox 132 160 193 223; x_wconf 82' lang='lat'><em>140</em></span> <span class='ocrx_word' id='word_1_3' title='bbox 491 159 776 219; x_wconf 76' lang='grc' dir='ltr'><em>Πκκνααοε</em></span> <span class='ocrx_word' id='word_1_4' title='bbox 1122 144 1164 223; x_wconf 74' lang='grc' dir='ltr'><em>τ’</em></span> <span class='ocrx_word' id='word_1_5' title='bbox 1198 148 1202 155; x_wconf 86' lang='grc'><strong>’</strong></span> 
     </span>
    </p>
   </div>
   <div class='ocr_carea' id='block_1_2' title="bbox 54 311 1142 3457">
    <p class='ocr_par' dir='ltr' id='par_1_2' title="bbox 59 311 1142 3263">
     <span class='ocr_line' id='line_1_3' title="bbox 131 311 1142 405; baseline 0.001 -19"><span class='ocrx_word' id='word_1_6' title='bbox 131 320 163 386; x_wconf 86' lang='grc' dir='ltr'><em>δ’</em></span> <span class='ocrx_word' id='word_1_7' title='bbox 179 320 259 404; x_wconf 84' lang='grc' dir='ltr'><em>ἐγω,</em></span> <span class='ocrx_word' id='word_1_8' title='bbox 273 311 492 398; x_wconf 73' lang='grc' dir='ltr'><em>ιῖΓλαόκωνς</em></span> <span class='ocrx_word' id='word_1_9' title='bbox 508 315 570 385; x_wconf 81' lang='grc' dir='ltr'><em>οὐκ</em></span> <span class='ocrx_word' id='word_1_10' title='bbox 581 315 671 385; x_wconf 76' lang='grc' dir='ltr'><em>οἷσθ’</em></span> <span class='ocrx_word' id='word_1_11' title='bbox 684 316 735 385; x_wconf 79' lang='grc' dir='ltr'><em>ὅτι</em></span> <span class='ocrx_word' id='word_1_12' title='bbox 747 322 880 387; x_wconf 78' lang='grc' dir='ltr'><em>πολλῶν</em></span> <span class='ocrx_word' id='word_1_13' title='bbox 892 316 1142 405; x_wconf 79' lang='grc' dir='ltr'><em>ἐτῶνἈγάθων</em></span> 
     </span>
     <span class='ocr_line' id='line_1_4' title="bbox 132 409 1142 503; baseline 0 -18"><span class='ocrx_word' id='word_1_14' title='bbox 132 419 255 486; x_wconf 75' lang='grc' dir='ltr'><em>ἐνθάδε</em></span> <span class='ocrx_word' id='word_1_15' title='bbox 267 415 329 485; x_wconf 85' lang='grc' dir='ltr'><em>οὐκ</em></span> <span class='ocrx_word' id='word_1_16' title='bbox 341 417 597 503; x_wconf 75' lang='grc' dir='ltr'><em>ἐπιδεδημηκενς</em></span> <span class='ocrx_word' id='word_1_17' title='bbox 619 413 680 502; x_wconf 78' lang='grc' dir='ltr'><em>ἀφ’</em></span> <span class='ocrx_word' id='word_1_18' title='bbox 695 409 739 483; x_wconf 78' lang='grc' dir='ltr'><em>οὗ</em></span> <span class='ocrx_word' id='word_1_19' title='bbox 750 415 782 484; x_wconf 87' lang='grc' dir='ltr'><em>δ’</em></span> <span class='ocrx_word' id='word_1_20' title='bbox 796 417 859 502; x_wconf 79' lang='grc' dir='ltr'><em>ἐγω</em></span> <span class='ocrx_word' id='word_1_21' title='bbox 872 417 1044 501; x_wconf 78' lang='grc' dir='ltr'><strong><em>Σωκράτει</em></strong></span> <span class='ocrx_word' id='word_1_22' title='bbox 1055 436 1142 485; x_wconf 87' lang='grc' dir='ltr'><em>συν-</em></span> 
     </span>
     <span class='ocr_line' id='line_1_5' title="bbox 131 513 1141 604; baseline -0.001 -20"><span class='ocrx_word' id='word_1_23' title='bbox 131 524 286 604; x_wconf 84' lang='grc' dir='ltr'><em>διατρίβω</em></span> <span class='ocrx_word' id='word_1_24' title='bbox 302 519 357 585; x_wconf 85' lang='grc' dir='ltr'><em>καὶ</em></span> <span class='ocrx_word' id='word_1_25' title='bbox 373 515 521 602; x_wconf 75' lang='grc' dir='ltr'><em>ἐπιμελὲς</em></span> <span class='ocrx_word' id='word_1_26' title='bbox 537 520 716 600; x_wconf 76' lang='grc' dir='ltr'><em>πεποίημαι</em></span> <span class='ocrx_word' id='word_1_27' title='bbox 734 515 871 602; x_wconf 78' lang='grc' dir='ltr'><em>ἑκάστης</em></span> <span class='ocrx_word' id='word_1_28' title='bbox 882 513 1005 602; x_wconf 78' lang='grc' dir='ltr'><em>ἡμέρας</em></span> <span class='ocrx_word' id='word_1_29' title='bbox 1016 519 1141 583; x_wconf 81' lang='grc' dir='ltr'><em>εἰδέναι</em></span> 
     </span>
     <span class='ocr_line' id='line_1_6' title="bbox 130 611 1141 703; baseline 0.001 -20"><span class='ocrx_word' id='word_1_30' title='bbox 130 616 150 683; x_wconf 81' lang='grc' dir='ltr'>ὅ</span> <span class='ocrx_word' id='word_1_31' title='bbox 161 644 193 683; x_wconf 90' lang='grc' dir='ltr'><em>τι</em></span> <span class='ocrx_word' id='word_1_32' title='bbox 204 612 246 683; x_wconf 86' lang='grc' dir='ltr'><em>άν</em></span> <span class='ocrx_word' id='word_1_33' title='bbox 258 617 336 703; x_wconf 98' lang='grc' dir='ltr'><em>λέγῃ</em></span> <span class='ocrx_word' id='word_1_34' title='bbox 347 612 369 699; x_wconf 73' lang='grc' dir='ltr'><em>η’</em></span> <span class='ocrx_word' id='word_1_35' title='bbox 380 617 522 702; x_wconf 87' lang='grc' dir='ltr'><em>πράττῃ,</em></span> <span class='ocrx_word' id='word_1_36' title='bbox 535 611 667 681; x_wconf 79' lang='grc' dir='ltr'><em>οὐδέπω</em></span> <span class='ocrx_word' id='word_1_37' title='bbox 677 620 751 701; x_wconf 89' lang='grc' dir='ltr'><em>τρία</em></span> <span class='ocrx_word' id='word_1_38' title='bbox 762 620 815 700; x_wconf 78' lang='grc' dir='ltr'><em>ἔτη</em></span> <span class='ocrx_word' id='word_1_39' title='bbox 827 619 929 682; x_wconf 80' lang='grc' dir='ltr'><em>ἐστίν·</em></span> <span class='ocrx_word' id='word_1_40' title='bbox 951 615 1014 697; x_wconf 88' lang='grc' dir='ltr'><em>πρὸ</em></span> <span class='ocrx_word' id='word_1_41' title='bbox 1027 622 1090 682; x_wconf 85' lang='grc' dir='ltr'><em>τοῦ</em></span> <span class='ocrx_word' id='word_1_42' title='bbox 1103 615 1141 684; x_wconf 72' lang='grc' dir='ltr'><em>δέ</em></span> 
     </span>
     <span class='ocr_line' id='line_1_7' title="bbox 63 709 1140 801; baseline -0.002 -19"><span class='ocrx_word' id='word_1_43' title='bbox 63 738 113 794; x_wconf 83' lang='lat'><em>173</em></span> <span class='ocrx_word' id='word_1_44' title='bbox 128 720 328 800; x_wconf 78' lang='grc' dir='ltr'><em>περιτρέχων</em></span> <span class='ocrx_word' id='word_1_45' title='bbox 345 713 410 801; x_wconf 85' lang='grc' dir='ltr'><em>ὅπη</em></span> <span class='ocrx_word' id='word_1_46' title='bbox 427 712 557 798; x_wconf 79' lang='grc' dir='ltr'><em>τύχοιμι</em></span> <span class='ocrx_word' id='word_1_47' title='bbox 575 716 629 781; x_wconf 79' lang='grc' dir='ltr'><em>καὶ</em></span> <span class='ocrx_word' id='word_1_48' title='bbox 646 714 797 799; x_wconf 81' lang='grc' dir='ltr'><em>οἰόμενος</em></span> <span class='ocrx_word' id='word_1_49' title='bbox 814 716 844 780; x_wconf 75' lang='grc' dir='ltr'><em>τί</em></span> <span class='ocrx_word' id='word_1_50' title='bbox 855 726 961 781; x_wconf 89' lang='grc' dir='ltr'><em>ποιεῖν</em></span> <span class='ocrx_word' id='word_1_51' title='bbox 973 709 1140 780; x_wconf 74' lang='grc' dir='ltr'><em>άθλιάτε-</em></span> 
     </span>
     <span class='ocr_line' id='line_1_8' title="bbox 130 803 1140 899; baseline -0.001 -19"><span class='ocrx_word' id='word_1_52' title='bbox 130 839 187 899; x_wconf 87' lang='grc' dir='ltr'><em>ρος</em></span> <span class='ocrx_word' id='word_1_53' title='bbox 197 805 219 899; x_wconf 78' lang='grc' dir='ltr'><strong><em>ἦ</em></strong></span> <span class='ocrx_word' id='word_1_54' title='bbox 231 811 391 898; x_wconf 84' lang='grc' dir='ltr'><em>ὁτουοῦν,</em></span> <span class='ocrx_word' id='word_1_55' title='bbox 405 808 465 897; x_wconf 81' lang='grc' dir='ltr'><em>οὐχ</em></span> <span class='ocrx_word' id='word_1_56' title='bbox 475 803 576 899; x_wconf 77' lang='grc' dir='ltr'><em>ἦττον</em></span> <span class='ocrx_word' id='word_1_57' title='bbox 586 807 608 896; x_wconf 75' lang='grc' dir='ltr'><em>ἢ</em></span> <span class='ocrx_word' id='word_1_58' title='bbox 620 810 663 878; x_wconf 81' lang='grc' dir='ltr'><em>οὐ</em></span> <span class='ocrx_word' id='word_1_59' title='bbox 674 819 754 879; x_wconf 91' lang='grc' dir='ltr'><em>νυνί</em></span> <span class='ocrx_word' id='word_1_60' title='bbox 759 863 767 896; x_wconf 95' lang='grc'><em>,</em></span> <span class='ocrx_word' id='word_1_61' title='bbox 785 811 936 897; x_wconf 87' lang='grc' dir='ltr'><em>οίόμενος</em></span> <span class='ocrx_word' id='word_1_62' title='bbox 947 816 1018 878; x_wconf 84' lang='grc' dir='ltr'><em>δεῖν</em></span> <span class='ocrx_word' id='word_1_63' title='bbox 1028 812 1140 879; x_wconf 89' lang='grc' dir='ltr'><em>πάντα</em></span> 
     </span>
     <span class='ocr_line' id='line_1_9' title="bbox 129 906 1136 998; baseline -0.004 -19"><span class='ocrx_word' id='word_1_64' title='bbox 129 921 255 998; x_wconf 80' lang='grc' dir='ltr'><em>μᾶλλον</em></span> <span class='ocrx_word' id='word_1_65' title='bbox 267 906 453 996; x_wconf 75' lang='grc' dir='ltr'><em>πράττεινῆ</em></span> <span class='ocrx_word' id='word_1_66' title='bbox 466 917 674 996; x_wconf 81' lang='grc' dir='ltr'><em>φιλοσοφεῖν,</em></span> <span class='ocrx_word' id='word_1_67' title='bbox 706 912 761 978; x_wconf 84' lang='grc' dir='ltr'><em>καὶ</em></span> <span class='ocrx_word' id='word_1_68' title='bbox 773 909 828 996; x_wconf 83' lang='grc' dir='ltr'><em>ὅς,</em></span> <span class='ocrx_word' id='word_1_69' title='bbox 840 907 899 996; x_wconf 78' lang='grc' dir='ltr'><em>Μὴ</em></span> <span class='ocrx_word' id='word_1_70' title='bbox 912 907 1049 994; x_wconf 78' lang='grc' dir='ltr'><em>σκωπτ’,</em></span> <span class='ocrx_word' id='word_1_71' title='bbox 1061 914 1136 997; x_wconf 79' lang='grc' dir='ltr'><em>ἔφη,</em></span> 
     </span>
     <span class='ocr_line' id='line_1_10' title="bbox 130 1003 1140 1095; baseline -0.002 -19"><span class='ocrx_word' id='word_1_72' title='bbox 130 1007 204 1077; x_wconf 83' lang='grc' dir='ltr'><em>ἄλλ’</em></span> <span class='ocrx_word' id='word_1_73' title='bbox 223 1013 293 1076; x_wconf 88' lang='grc' dir='ltr'><em>είπέ</em></span> <span class='ocrx_word' id='word_1_74' title='bbox 308 1034 363 1094; x_wconf 88' lang='grc' dir='ltr'><em>μοι</em></span> <span class='ocrx_word' id='word_1_75' title='bbox 374 1008 453 1075; x_wconf 87' lang='grc' dir='ltr'><em>πότε</em></span> <span class='ocrx_word' id='word_1_76' title='bbox 465 1008 592 1092; x_wconf 82' lang='grc' dir='ltr'><em>ἐγένετο</em></span> <span class='ocrx_word' id='word_1_77' title='bbox 605 1005 625 1094; x_wconf 77' lang='grc' dir='ltr'><em>ἡ</em></span> <span class='ocrx_word' id='word_1_78' title='bbox 638 1015 801 1077; x_wconf 84' lang='grc' dir='ltr'><em>συνουσία</em></span> <span class='ocrx_word' id='word_1_79' title='bbox 812 1007 905 1095; x_wconf 81' lang='grc' dir='ltr'><em>αὕτη.</em></span> <span class='ocrx_word' id='word_1_80' title='bbox 939 1003 1031 1092; x_wconf 80' lang='grc' dir='ltr'><em>κάμω</em></span> <span class='ocrx_word' id='word_1_81' title='bbox 1044 1005 1140 1076; x_wconf 84' lang='grc' dir='ltr'><em>είπον</em></span> 
     </span>
     <span class='ocr_line' id='line_1_11' title="bbox 129 1105 1141 1194; baseline -0.004 -18"><span class='ocrx_word' id='word_1_82' title='bbox 129 1109 179 1176; x_wconf 82' lang='grc' dir='ltr'><em>ὅτι</em></span> <span class='ocrx_word' id='word_1_83' title='bbox 191 1113 326 1175; x_wconf 89' lang='grc' dir='ltr'><em>Παίδων</em></span> <span class='ocrx_word' id='word_1_84' title='bbox 337 1105 446 1173; x_wconf 86' lang='grc' dir='ltr'><em>όντων</em></span> <span class='ocrx_word' id='word_1_85' title='bbox 456 1106 552 1191; x_wconf 79' lang='grc' dir='ltr'><em>ἡμῶν</em></span> <span class='ocrx_word' id='word_1_86' title='bbox 564 1109 626 1190; x_wconf 87' lang='grc' dir='ltr'><em>έτι,</em></span> <span class='ocrx_word' id='word_1_87' title='bbox 649 1106 703 1174; x_wconf 84' lang='grc' dir='ltr'><em>ὅτε</em></span> <span class='ocrx_word' id='word_1_88' title='bbox 714 1113 754 1194; x_wconf 76' lang='grc' dir='ltr'><em>τῇ</em></span> <span class='ocrx_word' id='word_1_89' title='bbox 766 1106 879 1192; x_wconf 80' lang='grc' dir='ltr'><em>κράτη</em></span> <span class='ocrx_word' id='word_1_90' title='bbox 892 1108 1058 1194; x_wconf 76' lang='grc' dir='ltr'><em>τραγῳδίᾳ</em></span> <span class='ocrx_word' id='word_1_91' title='bbox 1070 1107 1141 1172; x_wconf 81' lang='grc' dir='ltr'><em>ἐνί-</em></span> 
     </span>
     <span class='ocr_line' id='line_1_12' title="bbox 128 1197 1140 1292; baseline -0.003 -20"><span class='ocrx_word' id='word_1_92' title='bbox 128 1227 231 1291; x_wconf 92' lang='grc' dir='ltr'><em>κησεν</em></span> <span class='ocrx_word' id='word_1_93' title='bbox 240 1203 408 1288; x_wconf 74' lang='grc' dir='ltr'><em>Ἁγάθων,</em></span> <span class='ocrx_word' id='word_1_94' title='bbox 431 1212 472 1290; x_wconf 78' lang='grc' dir='ltr'><em>τῇ</em></span> <span class='ocrx_word' id='word_1_95' title='bbox 486 1201 643 1292; x_wconf 78' lang='grc' dir='ltr'><em>ὑστεραίᾳ</em></span> <span class='ocrx_word' id='word_1_96' title='bbox 660 1197 684 1291; x_wconf 77' lang='grc' dir='ltr'><em>ᾗ</em></span> <span class='ocrx_word' id='word_1_97' title='bbox 700 1201 739 1270; x_wconf 85' lang='grc' dir='ltr'><em>τά</em></span> <span class='ocrx_word' id='word_1_98' title='bbox 758 1206 899 1271; x_wconf 81' lang='grc' dir='ltr'><em>ἐπινίκια</em></span> <span class='ocrx_word' id='word_1_99' title='bbox 917 1206 1020 1269; x_wconf 75' lang='grc' dir='ltr'><em>ἔθυεν</em></span> <span class='ocrx_word' id='word_1_100' title='bbox 1038 1199 1140 1280; x_wconf 80' lang='grc' dir='ltr'><em>αὐτός</em></span> 
     </span>
     <span class='ocr_line' id='line_1_13' title="bbox 129 1298 1137 1388; baseline -0.005 -15"><span class='ocrx_word' id='word_1_101' title='bbox 129 1331 163 1373; x_wconf 90' lang='grc' dir='ltr'><em>τε</em></span> <span class='ocrx_word' id='word_1_102' title='bbox 181 1307 235 1371; x_wconf 80' lang='grc' dir='ltr'><em>καὶ</em></span> <span class='ocrx_word' id='word_1_103' title='bbox 253 1308 287 1370; x_wconf 91' lang='grc' dir='ltr'><em>οί</em></span> <span class='ocrx_word' id='word_1_104' title='bbox 301 1309 462 1388; x_wconf 88' lang='grc' dir='ltr'><em>χορευταί.</em></span> <span class='ocrx_word' id='word_1_105' title='bbox 496 1301 612 1384; x_wconf 87' lang='grc' dir='ltr'><em>Πάνυ,</em></span> <span class='ocrx_word' id='word_1_106' title='bbox 635 1307 715 1388; x_wconf 82' lang='grc' dir='ltr'><em>ἔφη,</em></span> <span class='ocrx_word' id='word_1_107' title='bbox 738 1300 803 1388; x_wconf 84' lang='grc' dir='ltr'><em>άρα</em></span> <span class='ocrx_word' id='word_1_108' title='bbox 819 1302 936 1386; x_wconf 88' lang='grc' dir='ltr'><em>πάλαι,</em></span> <span class='ocrx_word' id='word_1_109' title='bbox 960 1298 1005 1379; x_wconf 78' lang='grc' dir='ltr'><em>ως</em></span> <span class='ocrx_word' id='word_1_110' title='bbox 1021 1305 1137 1368; x_wconf 79' lang='grc' dir='ltr'><em>ἔοικεν.</em></span> 
     </span>
     <span class='ocr_line' id='line_1_14' title="bbox 129 1394 1138 1487; baseline -0.004 -16"><span class='ocrx_word' id='word_1_111' title='bbox 129 1402 212 1471; x_wconf 85' lang='grc' dir='ltr'><em>άλλά</em></span> <span class='ocrx_word' id='word_1_112' title='bbox 225 1410 273 1482; x_wconf 91' lang='grc' dir='ltr'><em>τίς</em></span> <span class='ocrx_word' id='word_1_113' title='bbox 285 1421 337 1470; x_wconf 92' lang='grc' dir='ltr'><em>σοι</em></span> <span class='ocrx_word' id='word_1_114' title='bbox 349 1406 506 1487; x_wconf 80' lang='grc' dir='ltr'><em>διηγεῖτο;</em></span> <span class='ocrx_word' id='word_1_115' title='bbox 517 1396 539 1485; x_wconf 73' lang='grc' dir='ltr'><em>ἢ</em></span> <span class='ocrx_word' id='word_1_116' title='bbox 550 1398 650 1478; x_wconf 82' lang='grc' dir='ltr'><em>αὐτὸς</em></span> <span class='ocrx_word' id='word_1_117' title='bbox 660 1400 856 1484; x_wconf 86' lang='grc' dir='ltr'><em>Σωκράτης;</em></span> <span class='ocrx_word' id='word_1_118' title='bbox 871 1394 922 1466; x_wconf 80' lang='grc' dir='ltr'><em>Οὐ</em></span> <span class='ocrx_word' id='word_1_119' title='bbox 933 1398 978 1484; x_wconf 86' lang='grc' dir='ltr'><em>μά</em></span> <span class='ocrx_word' id='word_1_120' title='bbox 990 1398 1050 1466; x_wconf 86' lang='grc' dir='ltr'><em>τὸν</em></span> <span class='ocrx_word' id='word_1_121' title='bbox 1058 1406 1138 1485; x_wconf 88' lang='grc' dir='ltr'><em>Δία,</em></span> 
     </span>
     <span class='ocr_line' id='line_1_15' title="bbox 92 1492 1131 1588; baseline -0.004 -17"><span class='ocrx_word' id='word_1_122' title='bbox 92 1523 112 1571; x_wconf 83' lang='grc' dir='ltr'><strong>Β</strong></span> <span class='ocrx_word' id='word_1_123' title='bbox 130 1496 174 1588; x_wconf 77' lang='grc' dir='ltr'><em>ἦν</em></span> <span class='ocrx_word' id='word_1_124' title='bbox 185 1500 216 1569; x_wconf 92' lang='grc' dir='ltr'><em>δ’</em></span> <span class='ocrx_word' id='word_1_125' title='bbox 231 1503 311 1586; x_wconf 82' lang='grc' dir='ltr'><em>ἐγω,</em></span> <span class='ocrx_word' id='word_1_126' title='bbox 324 1499 396 1570; x_wconf 77' lang='grc' dir='ltr'><em>ἀλλ’</em></span> <span class='ocrx_word' id='word_1_127' title='bbox 410 1498 513 1586; x_wconf 82' lang='grc' dir='ltr'><em>ὅσπερ</em></span> <span class='ocrx_word' id='word_1_128' title='bbox 526 1508 673 1567; x_wconf 86' lang='grc' dir='ltr'><em>Φοίνικι·</em></span> <span class='ocrx_word' id='word_1_129' title='bbox 694 1496 924 1584; x_wconf 77' lang='grc' dir='ltr'><em>Ἀριστόδημος</em></span> <span class='ocrx_word' id='word_1_130' title='bbox 935 1492 979 1585; x_wconf 78' lang='grc' dir='ltr'><em>ἦν</em></span> <span class='ocrx_word' id='word_1_131' title='bbox 988 1525 1051 1585; x_wconf 90' lang='grc' dir='ltr'><em>τις,</em></span> <span class='ocrx_word' id='word_1_132' title='bbox 1062 1505 1131 1567; x_wconf 85' lang='lat' dir='ltr'><em>Kv·</em></span> 
     </span>
     <span class='ocr_line' id='line_1_16' title="bbox 131 1597 1133 1685; baseline -0.002 -18"><span class='ocrx_word' id='word_1_133' title='bbox 131 1600 349 1685; x_wconf 76' lang='grc' dir='ltr'><em>δαθηναιεός,</em></span> <span class='ocrx_word' id='word_1_134' title='bbox 371 1599 525 1685; x_wconf 84' lang='grc' dir='ltr'><em>σμικρός,</em></span> <span class='ocrx_word' id='word_1_135' title='bbox 548 1597 756 1684; x_wconf 87' lang='grc' dir='ltr'><em>άνυπόδητος</em></span> <span class='ocrx_word' id='word_1_136' title='bbox 775 1597 839 1665; x_wconf 85' lang='grc' dir='ltr'><em>άεί·</em></span> <span class='ocrx_word' id='word_1_137' title='bbox 863 1599 1083 1683; x_wconf 78' lang='grc' dir='ltr'><em>παραγεγόνει</em></span> <span class='ocrx_word' id='word_1_138' title='bbox 1103 1600 1133 1665; x_wconf 72' lang='grc' dir='ltr'><em>δ’</em></span> 
     </span>
     <span class='ocr_line' id='line_1_17' title="bbox 130 1694 1139 1786; baseline 0 -20"><span class='ocrx_word' id='word_1_139' title='bbox 130 1705 166 1766; x_wconf 83' lang='grc' dir='ltr'><em>ἐν</em></span> <span class='ocrx_word' id='word_1_140' title='bbox 183 1708 223 1785; x_wconf 81' lang='grc' dir='ltr'><em>τῃ</em></span> <span class='ocrx_word' id='word_1_141' title='bbox 241 1706 421 1786; x_wconf 74' lang='grc' dir='ltr'><em>συνουσίᾳ,</em></span> <span class='ocrx_word' id='word_1_142' title='bbox 440 1697 642 1780; x_wconf 83' lang='grc' dir='ltr'><em>Σωκράτους</em></span> <span class='ocrx_word' id='word_1_143' title='bbox 659 1696 796 1785; x_wconf 79' lang='grc' dir='ltr'><em>ἐραστὴς</em></span> <span class='ocrx_word' id='word_1_144' title='bbox 813 1694 861 1765; x_wconf 69' lang='grc' dir='ltr'><em>ὢν</em></span> <span class='ocrx_word' id='word_1_145' title='bbox 872 1701 907 1765; x_wconf 82' lang='grc' dir='ltr'><em>ἐν</em></span> <span class='ocrx_word' id='word_1_146' title='bbox 919 1711 987 1776; x_wconf 90' lang='grc' dir='ltr'><em>τοῖς</em></span> <span class='ocrx_word' id='word_1_147' title='bbox 998 1695 1139 1782; x_wconf 88' lang='grc' dir='ltr'><em>μάλιστα</em></span> 
     </span>
     <span class='ocr_line' id='line_1_18' title="bbox 130 1793 1139 1883; baseline 0.002 -21"><span class='ocrx_word' id='word_1_148' title='bbox 130 1805 198 1863; x_wconf 79' lang='grc' dir='ltr'><em>των</em></span> <span class='ocrx_word' id='word_1_149' title='bbox 209 1796 297 1880; x_wconf 90' lang='grc' dir='ltr'><em>τότε,</em></span> <span class='ocrx_word' id='word_1_150' title='bbox 318 1794 361 1874; x_wconf 80' lang='grc' dir='ltr'><em>ὡς</em></span> <span class='ocrx_word' id='word_1_151' title='bbox 371 1797 443 1880; x_wconf 77' lang='grc' dir='ltr'><em>ἐμοὶ</em></span> <span class='ocrx_word' id='word_1_152' title='bbox 455 1799 553 1863; x_wconf 89' lang='grc' dir='ltr'><em>δοκεῖ.</em></span> <span class='ocrx_word' id='word_1_153' title='bbox 589 1793 630 1862; x_wconf 79' lang='grc' dir='ltr'><em>οὐ</em></span> <span class='ocrx_word' id='word_1_154' title='bbox 641 1802 752 1880; x_wconf 89' lang='grc' dir='ltr'><em>μέντοι</em></span> <span class='ocrx_word' id='word_1_155' title='bbox 764 1794 847 1863; x_wconf 84' lang='grc' dir='ltr'><em>άλλά</em></span> <span class='ocrx_word' id='word_1_156' title='bbox 858 1798 912 1863; x_wconf 80' lang='grc' dir='ltr'><em>καὶ</em></span> <span class='ocrx_word' id='word_1_157' title='bbox 925 1797 1088 1882; x_wconf 83' lang='grc' dir='ltr'><em>Σωκράτη</em></span> <span class='ocrx_word' id='word_1_158' title='bbox 1100 1823 1139 1883; x_wconf 91' lang='grc' dir='ltr'><em>γε</em></span> 
     </span>
     <span class='ocr_line' id='line_1_19' title="bbox 130 1885 1138 1981; baseline 0 -21"><span class='ocrx_word' id='word_1_159' title='bbox 130 1900 200 1960; x_wconf 81' lang='grc' dir='ltr'><em>ἔνια</em></span> <span class='ocrx_word' id='word_1_160' title='bbox 212 1893 274 1980; x_wconf 80' lang='grc' dir='ltr'><em>ἤδη</em></span> <span class='ocrx_word' id='word_1_161' title='bbox 287 1892 460 1981; x_wconf 87' lang='grc' dir='ltr'><em>άνηρόμην</em></span> <span class='ocrx_word' id='word_1_162' title='bbox 472 1885 520 1963; x_wconf 74' lang='grc' dir='ltr'><em>ὦν</em></span> <span class='ocrx_word' id='word_1_163' title='bbox 532 1898 660 1962; x_wconf 82' lang='grc' dir='ltr'><em>ἐκείνου</em></span> <span class='ocrx_word' id='word_1_164' title='bbox 671 1893 818 1979; x_wconf 82' lang='grc' dir='ltr'><em>ἥκουσα,</em></span> <span class='ocrx_word' id='word_1_165' title='bbox 842 1901 900 1960; x_wconf 91' lang='grc' dir='ltr'><em>καί</em></span> <span class='ocrx_word' id='word_1_166' title='bbox 908 1921 964 1979; x_wconf 91' lang='grc' dir='ltr'><em>μοι</em></span> <span class='ocrx_word' id='word_1_167' title='bbox 975 1889 1138 1979; x_wconf 81' lang='grc' dir='ltr'><em>ὡμολόγει</em></span> 
     </span>
     <span class='ocr_line' id='line_1_20' title="bbox 129 1985 1138 2079; baseline -0.002 -19"><span class='ocrx_word' id='word_1_168' title='bbox 129 1993 282 2076; x_wconf 84' lang='grc' dir='ltr'><em>καθάπερ</em></span> <span class='ocrx_word' id='word_1_169' title='bbox 293 1996 417 2072; x_wconf 83' lang='grc' dir='ltr'><em>ἐκεῖνος</em></span> <span class='ocrx_word' id='word_1_170' title='bbox 429 1997 578 2079; x_wconf 85' lang='grc' dir='ltr'><em>διηγεῖτο.</em></span> <span class='ocrx_word' id='word_1_171' title='bbox 616 1999 656 2061; x_wconf 88' lang='grc' dir='ltr'><em>Τί</em></span> <span class='ocrx_word' id='word_1_172' title='bbox 665 1985 743 2079; x_wconf 80' lang='grc' dir='ltr'><em>οὖν,</em></span> <span class='ocrx_word' id='word_1_173' title='bbox 762 1997 841 2078; x_wconf 77' lang='grc' dir='ltr'><em>ἔφη,</em></span> <span class='ocrx_word' id='word_1_174' title='bbox 856 1990 896 2060; x_wconf 81' lang='grc' dir='ltr'><em>οὐ</em></span> <span class='ocrx_word' id='word_1_175' title='bbox 909 1993 1054 2078; x_wconf 75' lang='grc' dir='ltr'><em>διηγήσω</em></span> <span class='ocrx_word' id='word_1_176' title='bbox 1065 2018 1138 2079; x_wconf 86' lang='grc' dir='ltr'><em>μοι;</em></span> 
     </span>
     <span class='ocr_line' id='line_1_21' title="bbox 131 2089 1138 2178; baseline 0.001 -19"><span class='ocrx_word' id='word_1_177' title='bbox 131 2093 261 2170; x_wconf 88' lang='grc' dir='ltr'><em>πάντως</em></span> <span class='ocrx_word' id='word_1_178' title='bbox 280 2089 351 2177; x_wconf 74' lang='grc' dir='ltr'><em>δέη</em></span> <span class='ocrx_word' id='word_1_179' title='bbox 372 2089 449 2170; x_wconf 85' lang='grc' dir='ltr'><em>ὁδός</em></span> <span class='ocrx_word' id='word_1_180' title='bbox 465 2089 486 2175; x_wconf 83' lang='grc' dir='ltr'><em>ἡ</em></span> <span class='ocrx_word' id='word_1_181' title='bbox 508 2096 552 2168; x_wconf 81' lang='grc' dir='ltr'><em>είς</em></span> <span class='ocrx_word' id='word_1_182' title='bbox 564 2089 648 2157; x_wconf 87' lang='grc' dir='ltr'><em>άστυ</em></span> <span class='ocrx_word' id='word_1_183' title='bbox 660 2093 823 2175; x_wconf 81' lang='grc' dir='ltr'><em>ἐπιτηδεία</em></span> <span class='ocrx_word' id='word_1_184' title='bbox 835 2095 1071 2178; x_wconf 88' lang='grc' dir='ltr'><em>πορευομένοις</em></span> <span class='ocrx_word' id='word_1_185' title='bbox 1082 2095 1138 2160; x_wconf 83' lang='grc' dir='ltr'><em>καλ</em></span> 
     </span>
     <span class='ocr_line' id='line_1_22' title="bbox 131 2187 1138 2279; baseline 0.003 -23"><span class='ocrx_word' id='word_1_186' title='bbox 131 2192 239 2273; x_wconf 88' lang='grc' dir='ltr'><em>λέγειν</em></span> <span class='ocrx_word' id='word_1_187' title='bbox 249 2192 305 2257; x_wconf 79' lang='grc' dir='ltr'><em>καὶ</em></span> <span class='ocrx_word' id='word_1_188' title='bbox 316 2187 462 2256; x_wconf 86' lang='grc' dir='ltr'><em>άκοάειν.</em></span> <span class='ocrx_word' id='word_1_189' title='bbox 487 2187 575 2256; x_wconf 75' lang='grc' dir='ltr'><em>οὕτω</em></span> <span class='ocrx_word' id='word_1_190' title='bbox 587 2187 628 2275; x_wconf 76' lang='grc' dir='ltr'><em>δὴ</em></span> <span class='ocrx_word' id='word_1_191' title='bbox 643 2187 748 2267; x_wconf 81' lang='grc' dir='ltr'><em>δόντες</em></span> <span class='ocrx_word' id='word_1_192' title='bbox 761 2187 829 2275; x_wconf 79' lang='grc' dir='ltr'><em>ἅμα</em></span> <span class='ocrx_word' id='word_1_193' title='bbox 840 2190 918 2269; x_wconf 82' lang='grc' dir='ltr'><em>τούς</em></span> <span class='ocrx_word' id='word_1_194' title='bbox 930 2191 1051 2276; x_wconf 90' lang='grc' dir='ltr'><em>λόγους</em></span> <span class='ocrx_word' id='word_1_195' title='bbox 1061 2194 1138 2279; x_wconf 85' lang='grc' dir='ltr'><em>περὶ</em></span> 
     </span>
     <span class='ocr_line' id='line_1_23' title="bbox 94 2285 1137 2375; baseline -0.001 -17"><span class='ocrx_word' id='word_1_196' title='bbox 94 2285 243 2358; x_wconf 74' lang='grc' dir='ltr'><em>σαότων</em></span> <span class='ocrx_word' id='word_1_197' title='bbox 260 2287 484 2374; x_wconf 79' lang='grc' dir='ltr'><em>ἐποιούμεθα,</em></span> <span class='ocrx_word' id='word_1_198' title='bbox 509 2286 609 2372; x_wconf 74' lang='grc' dir='ltr'><em>ὥστε,</em></span> <span class='ocrx_word' id='word_1_199' title='bbox 632 2286 714 2373; x_wconf 83' lang='grc' dir='ltr'><em>ὅπερ</em></span> <span class='ocrx_word' id='word_1_200' title='bbox 735 2285 918 2374; x_wconf 89' lang='grc' dir='ltr'><em>άρχόμευος</em></span> <span class='ocrx_word' id='word_1_201' title='bbox 940 2288 1050 2375; x_wconf 77' lang='grc' dir='ltr'><em>εἶπον,</em></span> <span class='ocrx_word' id='word_1_202' title='bbox 1073 2288 1137 2357; x_wconf 81' lang='grc' dir='ltr'><em>οὐκ</em></span> 
     </span>
     <span class='ocr_line' id='line_1_24' title="bbox 130 2379 1137 2473; baseline 0.005 -21"><span class='ocrx_word' id='word_1_203' title='bbox 130 2384 333 2472; x_wconf 81' lang='grc' dir='ltr'><em>άμελετήτως</em></span> <span class='ocrx_word' id='word_1_204' title='bbox 343 2391 414 2472; x_wconf 83' lang='grc' dir='ltr'><em>έχω.</em></span> <span class='ocrx_word' id='word_1_205' title='bbox 448 2393 478 2455; x_wconf 85' lang='grc' dir='ltr'><em>εί</em></span> <span class='ocrx_word' id='word_1_206' title='bbox 488 2379 551 2454; x_wconf 77' lang='grc' dir='ltr'><em>οὖν</em></span> <span class='ocrx_word' id='word_1_207' title='bbox 562 2387 678 2455; x_wconf 81' lang='grc' dir='ltr'><em>δεῖκαὶ</em></span> <span class='ocrx_word' id='word_1_208' title='bbox 691 2383 770 2472; x_wconf 82' lang='grc' dir='ltr'><em>ὑμῖν</em></span> <span class='ocrx_word' id='word_1_209' title='bbox 781 2385 1020 2473; x_wconf 82' lang='grc' dir='ltr'><em>διηγήσασθαι,</em></span> <span class='ocrx_word' id='word_1_210' title='bbox 1033 2397 1137 2457; x_wconf 81' lang='grc' dir='ltr'><em>ταῦτα</em></span> 
     </span>
     <span class='ocr_line' id='line_1_25' title="bbox 129 2481 1139 2574; baseline 0.007 -26"><span class='ocrx_word' id='word_1_211' title='bbox 129 2481 188 2569; x_wconf 77' lang='grc' dir='ltr'><em>χρὴ</em></span> <span class='ocrx_word' id='word_1_212' title='bbox 202 2497 315 2551; x_wconf 83' lang='grc' dir='ltr'><em>ποιεῖν.</em></span> <span class='ocrx_word' id='word_1_213' title='bbox 337 2482 467 2569; x_wconf 81' lang='grc' dir='ltr'><em>καὶγὰρ</em></span> <span class='ocrx_word' id='word_1_214' title='bbox 481 2491 583 2571; x_wconf 78' lang='grc' dir='ltr'><em>ἔγωγε</em></span> <span class='ocrx_word' id='word_1_215' title='bbox 595 2487 650 2554; x_wconf 80' lang='grc' dir='ltr'><em>καί</em></span> <span class='ocrx_word' id='word_1_216' title='bbox 660 2484 784 2570; x_wconf 85' lang='grc' dir='ltr'><em>άλλως,</em></span> <span class='ocrx_word' id='word_1_217' title='bbox 797 2484 878 2552; x_wconf 85' lang='grc' dir='ltr'><em>όταν</em></span> <span class='ocrx_word' id='word_1_218' title='bbox 889 2489 951 2572; x_wconf 87' lang='grc' dir='ltr'><em>μέν</em></span> <span class='ocrx_word' id='word_1_219' title='bbox 961 2513 1053 2565; x_wconf 89' lang='grc' dir='ltr'><em>τινας</em></span> <span class='ocrx_word' id='word_1_220' title='bbox 1063 2488 1139 2574; x_wconf 79' lang='grc' dir='ltr'><em>περὶ</em></span> 
     </span>
     <span class='ocr_line' id='line_1_26' title="bbox 130 2576 1137 2671; baseline 0.006 -24"><span class='ocrx_word' id='word_1_221' title='bbox 130 2586 328 2664; x_wconf 84' lang='grc' dir='ltr'><em>φιλοσοφίας</em></span> <span class='ocrx_word' id='word_1_222' title='bbox 339 2580 461 2665; x_wconf 84' lang='grc' dir='ltr'><em>λόγους</em></span> <span class='ocrx_word' id='word_1_223' title='bbox 472 2576 494 2666; x_wconf 75' lang='grc' dir='ltr'><strong><em>ἦ</em></strong></span> <span class='ocrx_word' id='word_1_224' title='bbox 505 2579 606 2661; x_wconf 80' lang='grc' dir='ltr'><em>αὐτὸς</em></span> <span class='ocrx_word' id='word_1_225' title='bbox 616 2590 761 2669; x_wconf 77' lang='grc' dir='ltr'><em>ποιῶμαι</em></span> <span class='ocrx_word' id='word_1_226' title='bbox 771 2581 794 2671; x_wconf 78' lang='grc' dir='ltr'><em>η’</em></span> <span class='ocrx_word' id='word_1_227' title='bbox 806 2583 918 2653; x_wconf 89' lang='grc' dir='ltr'><em>άλλων</em></span> <span class='ocrx_word' id='word_1_228' title='bbox 929 2583 1059 2670; x_wconf 84' lang='grc' dir='ltr'><em>άκοόω,</em></span> <span class='ocrx_word' id='word_1_229' title='bbox 1071 2611 1137 2671; x_wconf 87' lang='grc' dir='ltr'><em>χω-</em></span> 
     </span>
     <span class='ocr_line' id='line_1_27' title="bbox 130 2675 1138 2770; baseline 0.008 -27"><span class='ocrx_word' id='word_1_230' title='bbox 130 2682 180 2757; x_wconf 79' lang='grc' dir='ltr'><em>ρὶς</em></span> <span class='ocrx_word' id='word_1_231' title='bbox 193 2683 252 2744; x_wconf 82' lang='grc' dir='ltr'><em>τοῦ</em></span> <span class='ocrx_word' id='word_1_232' title='bbox 264 2685 396 2745; x_wconf 78' lang='grc' dir='ltr'><em>οἴεσθαι</em></span> <span class='ocrx_word' id='word_1_233' title='bbox 407 2675 611 2763; x_wconf 71' lang='grc' dir='ltr'><em>ὠφελεῖσθαι</em></span> <span class='ocrx_word' id='word_1_234' title='bbox 621 2679 802 2769; x_wconf 79' lang='grc' dir='ltr'><em>ὑπερφυῶς</em></span> <span class='ocrx_word' id='word_1_235' title='bbox 814 2680 858 2763; x_wconf 76' lang='grc' dir='ltr'><em>ως</em></span> <span class='ocrx_word' id='word_1_236' title='bbox 869 2689 985 2770; x_wconf 89' lang='grc' dir='ltr'><em>χαίρω·</em></span> <span class='ocrx_word' id='word_1_237' title='bbox 1008 2682 1091 2752; x_wconf 86' lang='grc' dir='ltr'><em>ὅταν</em></span> <span class='ocrx_word' id='word_1_238' title='bbox 1103 2682 1138 2751; x_wconf 75' lang='grc' dir='ltr'><em>δὲ</em></span> 
     </span>
     <span class='ocr_line' id='line_1_28' title="bbox 59 2773 1139 2868; baseline 0.01 -29"><span class='ocrx_word' id='word_1_239' title='bbox 59 2785 68 2799; x_wconf 89' lang='grc'><strong><em>’</em></strong></span> <span class='ocrx_word' id='word_1_240' title='bbox 129 2774 251 2851; x_wconf 88' lang='grc' dir='ltr'><em>άλλους</em></span> <span class='ocrx_word' id='word_1_241' title='bbox 273 2773 382 2859; x_wconf 90' lang='grc' dir='ltr'><em>τινάς,</em></span> <span class='ocrx_word' id='word_1_242' title='bbox 404 2774 512 2855; x_wconf 84' lang='grc' dir='ltr'><em>άλλως</em></span> <span class='ocrx_word' id='word_1_243' title='bbox 533 2802 568 2844; x_wconf 92' lang='grc' dir='ltr'><em>τε</em></span> <span class='ocrx_word' id='word_1_244' title='bbox 590 2780 645 2846; x_wconf 80' lang='grc' dir='ltr'><em>καὶ</em></span> <span class='ocrx_word' id='word_1_245' title='bbox 665 2779 744 2858; x_wconf 83' lang='grc' dir='ltr'><em>τοδς</em></span> <span class='ocrx_word' id='word_1_246' title='bbox 765 2779 945 2868; x_wconf 81' lang='grc' dir='ltr'><em>ὑμετέρους</em></span> <span class='ocrx_word' id='word_1_247' title='bbox 968 2780 1047 2862; x_wconf 80' lang='grc' dir='ltr'><em>τούς</em></span> <span class='ocrx_word' id='word_1_248' title='bbox 1069 2789 1139 2850; x_wconf 77' lang='grc' dir='ltr'><em>τῶν</em></span> 
     </span>
     <span class='ocr_line' id='line_1_29' title="bbox 128 2873 1138 2969; baseline 0.013 -31"><span class='ocrx_word' id='word_1_249' title='bbox 128 2878 298 2940; x_wconf 87' lang='grc' dir='ltr'><em>πλουσίων</em></span> <span class='ocrx_word' id='word_1_250' title='bbox 315 2873 370 2939; x_wconf 80' lang='grc' dir='ltr'><em>καί</em></span> <span class='ocrx_word' id='word_1_251' title='bbox 386 2884 662 2961; x_wconf 80' lang='grc' dir='ltr'><em>χρηματιστικων,</em></span> <span class='ocrx_word' id='word_1_252' title='bbox 687 2876 788 2957; x_wconf 89' lang='grc' dir='ltr'><em>αὐτός</em></span> <span class='ocrx_word' id='word_1_253' title='bbox 805 2905 840 2947; x_wconf 89' lang='grc' dir='ltr'><em>τε</em></span> <span class='ocrx_word' id='word_1_254' title='bbox 850 2880 995 2969; x_wconf 77' lang='grc' dir='ltr'><em>ἄχθομαι</em></span> <span class='ocrx_word' id='word_1_255' title='bbox 1006 2879 1094 2968; x_wconf 81' lang='grc' dir='ltr'><em>ὑμᾶς</em></span> <span class='ocrx_word' id='word_1_256' title='bbox 1103 2907 1138 2949; x_wconf 88' lang='grc' dir='ltr'><em>τε</em></span> 
     </span>
     <span class='ocr_line' id='line_1_30' title="bbox 127 2968 1137 3060; baseline 0.014 -22"><span class='ocrx_word' id='word_1_257' title='bbox 127 2970 204 3051; x_wconf 81' lang='grc' dir='ltr'><em>τούς</em></span> <span class='ocrx_word' id='word_1_258' title='bbox 216 2973 366 3054; x_wconf 84' lang='grc' dir='ltr'><em>ἑταίρους</em></span> <span class='ocrx_word' id='word_1_259' title='bbox 376 2974 473 3055; x_wconf 80' lang='grc' dir='ltr'><em>ἐλεῶ,</em></span> <span class='ocrx_word' id='word_1_260' title='bbox 493 2968 544 3041; x_wconf 84' lang='grc' dir='ltr'><em>ὅτι</em></span> <span class='ocrx_word' id='word_1_261' title='bbox 555 2982 669 3043; x_wconf 71' lang='grc' dir='ltr'><em>οἴεσθε</em></span> <span class='ocrx_word' id='word_1_262' title='bbox 681 2979 713 3044; x_wconf 76' lang='grc' dir='ltr'><em>τί</em></span> <span class='ocrx_word' id='word_1_263' title='bbox 722 2991 830 3047; x_wconf 86' lang='grc' dir='ltr'><em>ποιεῖν</em></span> <span class='ocrx_word' id='word_1_264' title='bbox 842 2977 942 3050; x_wconf 76' lang='grc' dir='ltr'><em>οὐδὲν</em></span> <span class='ocrx_word' id='word_1_265' title='bbox 952 2989 1137 3060; x_wconf 83' lang='grc' dir='ltr'><em>ποιοῦντες.</em></span> 
     </span>
     <span class='ocr_line' id='line_1_31' title="bbox 87 3062 1139 3165; baseline 0.009 -28"><span class='ocrx_word' id='word_1_266' title='bbox 87 3098 107 3146; x_wconf 83' lang='grc' dir='ltr'><em>ι)</em></span> <span class='ocrx_word' id='word_1_267' title='bbox 126 3072 181 3138; x_wconf 81' lang='grc' dir='ltr'><em>καὶ</em></span> <span class='ocrx_word' id='word_1_268' title='bbox 192 3079 271 3149; x_wconf 86' lang='grc' dir='ltr'><em>ίσως</em></span> <span class='ocrx_word' id='word_1_269' title='bbox 281 3062 327 3138; x_wconf 80' lang='grc' dir='ltr'><em>αὖ</em></span> <span class='ocrx_word' id='word_1_270' title='bbox 337 3067 430 3156; x_wconf 84' lang='grc' dir='ltr'><em>ὑμεῖς</em></span> <span class='ocrx_word' id='word_1_271' title='bbox 440 3071 497 3157; x_wconf 72' lang='grc' dir='ltr'><em>ἐμὲ</em></span> <span class='ocrx_word' id='word_1_272' title='bbox 505 3065 644 3159; x_wconf 75' lang='grc' dir='ltr'><em>ἡγεῖσθε</em></span> <span class='ocrx_word' id='word_1_273' title='bbox 654 3079 881 3165; x_wconf 84' lang='grc' dir='ltr'><em>κακοδαίμονα</em></span> <span class='ocrx_word' id='word_1_274' title='bbox 893 3077 987 3161; x_wconf 74' lang='grc' dir='ltr'><em>εἶναι,</em></span> <span class='ocrx_word' id='word_1_275' title='bbox 998 3081 1054 3147; x_wconf 82' lang='grc' dir='ltr'><em>καλ</em></span> <span class='ocrx_word' id='word_1_276' title='bbox 1065 3087 1139 3147; x_wconf 86' lang='grc' dir='ltr'><em>οῖο-</em></span> 
     </span>
     <span class='ocr_line' id='line_1_32' title="bbox 126 3165 1137 3263; baseline 0.006 -27"><span class='ocrx_word' id='word_1_277' title='bbox 126 3195 184 3253; x_wconf 86' lang='grc' dir='ltr'><em>μοι</em></span> <span class='ocrx_word' id='word_1_278' title='bbox 205 3165 292 3255; x_wconf 78' lang='grc' dir='ltr'><em>ὑμᾶς</em></span> <span class='ocrx_word' id='word_1_279' title='bbox 314 3166 426 3256; x_wconf 73' lang='grc' dir='ltr'><em>ἀληθῆ</em></span> <span class='ocrx_word' id='word_1_280' title='bbox 447 3178 596 3240; x_wconf 74' lang='grc' dir='ltr'><em>οἴεσθαι·</em></span> <span class='ocrx_word' id='word_1_281' title='bbox 617 3172 681 3259; x_wconf 79' lang='grc' dir='ltr'><em>ἐγω</em></span> <span class='ocrx_word' id='word_1_282' title='bbox 704 3179 816 3263; x_wconf 89' lang='grc' dir='ltr'><em>μέντοι</em></span> <span class='ocrx_word' id='word_1_283' title='bbox 837 3174 922 3263; x_wconf 79' lang='grc' dir='ltr'><em>ὑμᾶς</em></span> <span class='ocrx_word' id='word_1_284' title='bbox 944 3173 1007 3245; x_wconf 79' lang='grc' dir='ltr'><em>οὐκ</em></span> <span class='ocrx_word' id='word_1_285' title='bbox 1024 3185 1137 3261; x_wconf 86' lang='grc' dir='ltr'><em>οίομαι</em></span> 
     </span>
    </p>

    <p class='ocr_par' dir='ltr' id='par_1_3' title="bbox 54 3259 1133 3457">
     <span class='ocr_line' id='line_1_33' title="bbox 54 3259 346 3335; baseline 0.003 -2"><span class='ocrx_word' id='word_1_286' title='bbox 54 3326 56 3333; x_wconf 95' lang='grc'>.</span> <span class='ocrx_word' id='word_1_287' title='bbox 128 3259 346 3335; x_wconf 81' lang='grc' dir='ltr'><em>άλλέὖοίδα.</em></span> 
     </span>
     <span class='ocr_line' id='line_1_34' title="bbox 211 3362 1133 3457; baseline 0.01 -29"><span class='ocrx_word' id='word_1_288' title='bbox 211 3370 328 3430; x_wconf 84' lang='grc' dir='ltr'><em>ΕΤΑΙ.</em></span> <span class='ocrx_word' id='word_1_289' title='bbox 360 3362 424 3435; x_wconf 82' lang='grc' dir='ltr'><em>Ἀελ</em></span> <span class='ocrx_word' id='word_1_290' title='bbox 435 3365 549 3454; x_wconf 82' lang='grc' dir='ltr'><em>ὅμοιος</em></span> <span class='ocrx_word' id='word_1_291' title='bbox 561 3362 888 3457; x_wconf 59' lang='grc' dir='ltr'><em>είάἎπολλόδωρε·</em></span> <span class='ocrx_word' id='word_1_292' title='bbox 911 3366 962 3439; x_wconf 82' lang='grc' dir='ltr'><em>άελ</em></span> <span class='ocrx_word' id='word_1_293' title='bbox 973 3372 1036 3457; x_wconf 82' lang='grc' dir='ltr'><em>γὰρ</em></span> <span class='ocrx_word' id='word_1_294' title='bbox 1048 3389 1133 3438; x_wconf 75' lang='grc' dir='ltr'><em>σαν·</em></span> 
     </span>
    </p>
   </div>
   <div class='ocr_carea' id='block_1_3' title="bbox 0 0 1208 3780">
    <p class='ocr_par' dir='ltr' id='par_1_4' title="bbox 0 0 1208 3780">
     <span class='ocr_line' id='line_1_35' title="bbox 0 0 1208 3780; baseline 0 0"><span class='ocrx_word' id='word_1_295' title='bbox 0 0 1208 3780; x_wconf 95' lang='lat' dir='ltr'><em> </em></span> 
     </span>
    </p>
   </div>
  </div>
 </body>
</html>
