2408 3780
136 217 197 280 182
496 216 779 275 ΠΛΑΤΩΝΟΣ
1100 226 1111 277 4

65 395 118 451 208
134 384 196 465 ἐτι,
219 375 270 446 ὅτι
287 379 342 445 καί
359 379 395 444 αί
410 379 583 461 ἐπιστῆμαι
598 373 643 461 μή
665 372 716 443 ότι
734 379 770 442 αἱ
777 379 1037 461 μὲνγίχνονται,
1058 380 1111 445 aci

135 476 341 547 ἀπόλλυνται
351 474 448 562 ήμῖν,
472 477 526 541 καὶ
537 473 696 541 οῦδέποτε
708 477 743 541 οί
751 471 850 542 αάτοῖ
857 477 957 562 ἐσμεν
967 473 1047 545 οῦδὲ
1055 500 1111 544 κατ

134 576 191 657 τάς
204 574 398 663 ἐπιστήμας,
421 572 504 641 ἀλλά
516 575 572 642 καὶ
583 579 640 659 μία
652 570 769 657 ἑκάστη
781 579 849 640 τάν
859 575 1049 661 ἐπιστημῦν
1058 569 1111 642 ταὶ

134 676 194 744 τόν
205 673 330 760 πάσχει.
354 669 373 740 δ
385 669 450 758 νάρ
462 681 607 739 καλεῖται
617 676 773 758 μελετηῖν,
787 667 831 750 ἀς
841 673 993 760 ἐξιούσης
1005 675 1071 741 ἐστὶ
1080 677 1111 757 τι]

134 775 328 862 ἐπιστήμης·
352 771 440 859 λήθη
452 769 515 855 χάρ
527 769 704 856 ἐπιστήμης
716 773 841 862 ἔξοδος,
864 775 981 857 μελέτη
994 773 1030 839 δὲ
1040 771 1111 839 πάλι

134 872 255 960 καινήν
272 875 456 960 ἐμποιοῦσα
473 865 546 934 ἀντὶ
563 874 620 953 τής
637 863 799 954 ἀπιούσης
816 867 951 956 μνήμην
967 869 1062 952 σιόζει
1076 868 1111 954 τή

134 970 331 1056 ἐπιστήμην,
355 967 439 1034 ὥστε
455 963 517 1052 τήν
534 963 641 1050 αύτήν
653 969 763 1034 δοκεῖν
774 965 865 1033 εἶναι.
901 968 1007 1058 τούτῳ
1019 967 1080 1054 γάρ
1089 992 1111 1034 τ

134 1067 246 1156 τρόπω
261 1074 329 1133 πᾶν
342 1063 378 1132 τό
391 1061 520 1150 θνητόν
531 1062 681 1144 σώζεται,
699 1062 740 1131 ού
752 1073 798 1154 τῷ
809 1064 999 1134 παντάπασι
1008 1064 1044 1135 τδ
1057 1089 1111 1134 αυτ

97 1183 116 1231 Β
135 1161 185 1232 ἀεὶ
197 1161 281 1232 εἶναι
293 1161 404 1247 άσπερ
415 1160 451 1229 τό
465 1169 577 1248 θεῖον,
600 1159 684 1230 ἀλλά
695 1171 742 1252 τῷ
753 1161 789 1231 τό
802 1162 902 1232 ἀπιδν
913 1166 968 1233 καὶ
978 1172 1111 1232 παλαιοτΙ

134 1289 237 1351 μενον
248 1265 362 1348 ἕτερον
374 1263 452 1328 νέον
466 1263 713 1344 ἐγκαταλείπειν
723 1256 795 1329 οἷον
808 1260 888 1330 αῦτό
903 1254 954 1348 ήν.
986 1263 1111 1351 ταύτητ

134 1369 280 1451 μηχανή,
305 1352 533 1445 ἀΣύκρατες,
559 1363 639 1443 ἐφη,
662 1358 790 1445 θνητόν
806 1359 994 1442 ἀθανασίας
1004 1367 1111 1450 μετέχε

135 1465 300 1550 καὶσῶμα
318 1461 374 1529 καὶ
390 1451 494 1527 τάλλα
513 1457 637 1525 πάντα·
661 1456 830 1527 ἀδύνατον
841 1460 876 1528 δὲ
893 1459 988 1551 άλλη.
1021 1460 1065 1550 μή
1076 1451 1111 1530 οό

135 1562 295 1650 θαύμαζε,
308 1567 338 1630 εί
347 1559 383 1629 τό
397 1556 501 1627 αὑτοῦ
509 1555 747 1646 ἀποβλάστημα
759 1557 860 1641 φύσει
870 1565 938 1626 πᾶν
946 1567 1025 1649 τιμᾷ
1032 1585 1040 1600 ·
1052 1556 1111 1627 άθι

136 1668 252 1739 νασίας
264 1659 329 1744 γάρ
342 1659 439 1746 χάριν
450 1660 548 1726 παντὶ
559 1656 642 1742 αὕτη
655 1652 675 1742 ή
689 1653 817 1743 σπονδή
830 1655 912 1724 καὶὸ
927 1662 1009 1745 ἔρως
1021 1658 1111 1726 ἕπετο

221 1765 342 1826 XXVII.
388 1758 454 1824 Καὶ
471 1755 534 1840 ἐγὼ
553 1753 700 1832 ἀκούσας
716 1753 776 1821 τόν
794 1751 895 1840 λόγον
912 1757 1089 1842 έθαύμασά
1104 1783 1111 1823 ι

135 1858 191 1923 καὶ
202 1856 296 1923 εἶπον
308 1854 404 1942 Εἶεν,
426 1848 470 1942 ήν
480 1852 511 1922 δ’
526 1854 606 1941 ἐγώ,
629 1845 656 1920 ἀ
671 1852 845 1938 σοφωτάτη
857 1859 1016 1941 Διοτίμα,
1037 1863 1111 1923 ταῦι

100 1974 121 2026 c
138 1950 181 2034 όνς
197 1951 332 2042 ἀληθῶς
349 1953 455 2033 οὕτως
471 1960 550 2040 ἔχεις
569 1955 623 2022 καὶ
634 1951 671 2037 ή,
696 1950 806 2036 ὥσπερ
818 1954 853 2019 οδ
861 1953 965 2020 τέλεσι
975 1972 1111 2040 σοφιστα

135 2045 189 2121 Εύ
204 2061 293 2138 ίσθι,
316 2057 398 2140 ἔφη,
422 2045 651 2137 ἀΣιόκρατες·
673 2051 742 2118 ἐπεὶ
759 2051 892 2118 καὶτῶν
905 2049 1101 2137 ἀνθρώπων

135 2152 261 2229 ἐθέλεις
273 2153 319 2228 είς
329 2149 389 2237 τήν
401 2157 591 2237 φιλοτιμίαν
601 2154 735 2238 βλέψαι,
748 2150 929 2235 θαυμάξοις
941 2145 982 2217 ἀν
994 2159 1052 2237 της
1063 2150 1111 2220 ἀλι

135 2255 208 2336 χίας
219 2253 309 2337 πέρι,
322 2245 343 2317 ἀ
355 2250 418 2347 ἐγώ
430 2260 544 2337 εῖρηκα
556 2255 586 2317 εί
594 2246 638 2336 μή
651 2252 789 2334 ἐννοεῖς,
803 2251 1007 2335 ἐνθυμηθεὶς
1019 2248 1064 2329 ὡς
1075 2254 1110 2318 δε

136 2355 202 2427 νῦς
220 2349 401 2417 διάκεινται
418 2355 514 2433 ἔρωτι
533 2356 594 2417 τοῦ
612 2346 790 2436 ὀνομαστοὶ
806 2352 964 2436 γενέσθαι
981 2352 1038 2418 καὶ
1049 2352 1111 2418 κλέι

136 2454 182 2528 είς
198 2449 259 2518 τόυ
276 2449 325 2518 ἀεὶ
336 2449 458 2537 χρόνον
469 2447 642 2517 ἀθάνατον
653 2452 877 2535 καταθέσθαι,
901 2450 955 2515 καὶ
967 2445 1051 2535 ὑπὲρ
1063 2475 1111 2517 τοι

135 2572 196 2614 του
206 2547 387 2627 κινδύνους
398 2573 432 2615 τε
444 2548 653 2616 κινδυνεύειν
663 2548 788 2632 ἕτοιμοί
795 2553 857 2616 εἰσι
867 2547 993 2626 πάντας
1001 2552 1050 2615 ἐτι
1058 2555 1111 2634 μαι

95 2667 117 2717 1)
135 2652 196 2713 λον
213 2641 235 2730 ή
253 2641 335 2733 ὑπὲρ
348 2653 415 2713 τῶν
426 2652 571 2730 παίδων,
594 2648 649 2714 καὶ
659 2645 798 2733 χρήματ’
811 2644 1002 2714 ἀναλίσκειν
1013 2649 1069 2714 καὶ
1081 2671 1111 2714 πι

135 2768 216 2822 νους
228 2758 342 2812 πονεῖν
353 2741 575 2814 οὑστινασοῦν
585 2747 639 2814 καὶ
651 2744 974 2831 ύπεραποθνήσκειυ.
1002 2746 1073 2812 ἐπεὶ
1084 2753 1111 2812 ολ

136 2842 197 2928 σύ,
210 2841 462 2931 ἐφη,”Αλκηστιυ
473 2841 559 2930 ὑπὲρ
568 2841 730 2933 Ἀδμήτον
743 2841 930 2913 ἀποθανεῖν
941 2841 994 2930 ἀν,
1007 2840 1030 2929 ή
1037 2842 1111 2930 Ἀχιι

136 2946 194 3011 λέα
206 2942 388 3033 Πατρόκλῳ
406 2946 650 3030 ἐπαποθανεῖν,
672 2941 694 3031 ή
713 2953 967 3034 προαποθανεῖν
984 2941 1045 3011 τόν
1062 2939 1111 3028 ῦμ

137 3067 234 3131 τερον
245 3041 381 3126 Κόδρον
392 3038 476 3129 ὑπὲρ
488 3051 545 3131 τῆς
556 3050 723 3131 βασιλείας
734 3051 803 3112 τῶν
813 3046 958 3127 παίδων,
976 3041 1020 3128 μή
1034 3048 1108 3129 οίομ

137 3169 217 3222 νονς
234 3139 408 3210 ἀθάνατον
425 3143 559 3231 μνήμην
578 3142 696 3231 ἀρετῆς
710 3147 785 3230 πέρι
802 3145 930 3212 ἑαυτῶν
942 3139 1111 3229 ἐσεσθαι,τ

136 3248 202 3308 νῦν
213 3239 304 3326 ἡμεῖς
315 3246 449 3328 ἐχομεν;
473 3251 600 3313 πολλοῦ
610 3269 648 3329 γε
659 3247 724 3329 δεῖ,
743 3249 823 3330 ἐφη,
841 3241 928 3328 ἀλλ’,
941 3239 1048 3330 οἶμαι,
1061 3239 1109 3309 ὑπ

137 3337 255 3425 ἀρετῆς
275 3337 452 3408 ἀθανάτου
474 3343 528 3409 καὶ
550 3341 704 3426 τοιαύτης
727 3341 823 3428 δόξης
844 3341 1002 3420 εὐκλεοῦς
1024 3341 1111 3408 πάντ

88 3458 117 3505 ιτ
128 3437 245 3505 πάντα
253 3446 426 3528 ποιοῦσιν,
439 3435 509 3531 ὅσω
520 3434 565 3509 ἀν
575 3437 731 3528 ἀμείνους
744 3431 824 3528 οἶσι,
839 3440 988 3530 τοσούτῳ
1000 3448 1107 3527 μᾶλλο
