2408 3780
134 174 197 240 366
469 180 538 239 ΑΝ
547 181 771 241 ΤΕΡΑΣΤΑ
778 184 804 239 1.
1108 189 1144 245 96

134 328 174 405 εύ
184 333 227 406 όν
237 337 299 426 τὴν
311 344 418 407 οίκίαυ
431 343 551 407 διοικοῖ
566 335 589 426 ἢ
607 339 690 427 ἄλλη
707 343 771 409 τινὶ
787 342 1140 429 τέχνηςιΔικαιοσύυη.

124 434 237 504 Ἔστιν
244 433 309 524 όρα
315 435 429 525 ταύτό,
443 433 590 523 ύςέοικε,
602 437 766 528 βασιλεύς,
779 439 955 527 τύραννος,
963 441 1141 527 πολιτικός,

134 535 321 622 οἰκονόμος,
334 536 505 623 δεσπότης,
516 536 674 623 σαόφρων,
686 539 820 616 δίκαιος.
834 537 889 605 καὶ
900 543 958 624 μία
966 542 1061 624 τέχνη
1074 539 1141 604 ἐστὶ

133 633 305 721 βασιλική,
322 634 523 722 τυραννική,
542 635 710 720 πολιτική,
731 634 923 721 δεσποτική,
935 633 1141 721 οἰκονομική,

134 731 345 819 δικαιοσύνη,
358 732 571 819 σωφροσύνη.
592 737 765 817 Φαίνεται,
778 735 858 817 ἔφη,
871 729 987 810 οὕτως.

94 840 116 891 Ι)
216 836 267 897 ΙΧ.
310 828 462 917 Πότερον
481 821 545 898 οὖν
561 837 608 918 τῷ
628 828 822 919 φιλοσόφηι,
845 826 927 898 όταν
947 830 1008 916 μὲν
1029 826 1142 913 ἰατρός

133 927 208 1013 περὶ
225 934 294 995 τῶν
305 927 502 1015 καμνόντων
518 953 549 994 τι
559 929 655 1015 λέγη,
678 924 816 1012 αἰσχρόν
826 924 907 1013 μήθ’
923 926 1063 993 ἕπεσθαι
1073 940 1141 1005 τοῖς

133 1028 322 1110 λεγομένοις
334 1023 502 1094 δύνασθαι
515 1024 595 1112 μήτε
613 1024 860 1114 ξυμβολλλεσθαι
871 1024 975 1112 μηδὲν
987 1026 1058 1109 περὶ
1071 1030 1140 1091 τῶν

132 1124 319 1208 λεγομένων
342 1118 364 1209 ἦ
385 1126 635 1212 πραττομένων,
658 1124 713 1192 καὶ
736 1120 862 1193 ὁπόταν
885 1121 983 1202 όίλλος
1008 1149 1055 1200 τις
1071 1131 1137 1190 τῶν

133 1223 362 1306 δημιουργῶν,
385 1216 556 1300 ὡσαύτως·
580 1217 661 1289 όταν
678 1221 714 1290 δὲ
731 1219 887 1309 δικαστὴς
904 1217 926 1307 ἦ
943 1218 1100 1309 βασιλεύς
1116 1215 1139 1307 ἢ

132 1315 230 1396 ἄλλος
240 1344 287 1397 τις
298 1309 346 1386 οἷν
357 1324 423 1386 νῦν
432 1316 473 1405 δη
485 1316 739 1404 διεληλύθαμεν,
753 1314 814 1387 ούκ
826 1315 963 1403 αίσχρὸν
973 1320 1047 1402 περὶ
1059 1317 1136 1385 τού-

130 1441 198 1483 των
207 1414 292 1503 μηδ’
305 1417 444 1485 ἕπεσθαι
456 1415 625 1484 δύνασθαι
637 1415 718 1501 μήτε
730 1412 979 1503 συμβάλλεσθαι
990 1418 1064 1501 περὶ
1075 1413 1136 1482 αύ-

130 1522 213 1596 τύνς
226 1522 304 1594 Πῶς
316 1513 347 1583 δ’
361 1512 423 1584 ούιι
434 1515 582 1602 αίσχρόν,
596 1505 820 1599 ύΣύκρατες,
833 1520 911 1600 περί
919 1541 955 1600 γε
967 1513 1133 1584 τοσούτων

131 1613 449 1701 πραγμύτωνμηδέν
460 1618 547 1701 ἔχειν
558 1613 824 1701 ουμβύλλεσθαι;
843 1615 994 1699 Πότερον
1005 1605 1069 1681 ούν
1081 1614 1136 1680 καὶ

95 1731 115 1784 E
134 1714 207 1797 περὶ
224 1720 327 1781 ταῦτα
345 1716 508 1801 λέγωμεν,
530 1718 632 1800 ἔφην,
656 1715 844 1782 πένταθλον
856 1709 960 1782 αύτόν
972 1717 1042 1781 δεῖν
1053 1710 1137 1780 εἶναι

130 1813 184 1897 καὶ
195 1810 363 1899 ύπακρου,
385 1815 440 1880 καὶ
452 1816 488 1881 ἐν
500 1811 629 1891 τούτοις
640 1809 679 1880 τό
693 1816 860 1895 δευτερεῖα
872 1816 987 1897 ἔχοντα
999 1810 1135 1878 πόντων

131 1907 188 1980 τόν
200 1909 405 1996 φιλόσοφον,
427 1912 482 1979 καλ
500 1908 631 1998 ύχρεῖον
650 1907 750 1996 εἶναι,
774 1911 835 1987 ἕως
851 1904 894 1976 όν
905 1908 1033 1976 τούτων
1044 1935 1092 1987 τις
1103 1900 1136 1996 ᾗ,

129 2002 152 2092 η’
169 2016 302 2093 πρῶτον
319 2009 380 2095 μέν
396 2007 458 2096 την
475 2007 582 2077 αύτού
598 2014 706 2079 οἰκίαν
729 2005 791 2076 οὐκ
813 2006 902 2097 όλλφ
925 2009 1136 2093 ἐπιτρεπτέον

131 2103 209 2174 οὐδὲ
221 2102 260 2172 τὰ
274 2111 441 2191 δευτερεῖα
454 2107 607 2196 ἐντούτῳ
620 2106 743 2191 ἑκτέον,
756 2102 829 2173 ἀλλ’
843 2101 945 2173 αὐτόν
956 2109 1138 2174 κολαστέον

130 2203 304 2282 δικάζοντα
321 2201 449 2291 ὀρθῶς,
476 2210 505 2273 εί
520 2207 630 2290 μέλλει
648 2195 687 2272 εύ
703 2207 867 2272 οἰκεῖσθαι
885 2200 991 2271 αύτού
1002 2199 1022 2290 ἡ
1033 2208 1137 2278 οἰκίας

128 2298 315 2386 Ξυνεχύρει
327 2297 367 2385 δή
378 2326 443 2387 μοι.
466 2298 598 2370 ’Ἐπειτό
614 2327 652 2387 γε
664 2300 773 2388 δήπου
784 2300 843 2369 έόν
853 2326 887 2368 τε
899 2305 933 2369 οί
943 2309 1032 2388 φίλοι
1044 2298 1137 2391 αύτῷ

130 2404 254 2478 διαίτας
265 2401 498 2486 ἐπιτρέπωσιν,
512 2399 570 2468 ἐόν
581 2426 616 2468 τε
627 2397 647 2485 ἡ
660 2398 754 2479 πόλις
765 2426 796 2466 τι
807 2397 994 2488 προστόττη
1006 2403 1137 2484 διακρί-

64 2515 111 2571 ι39
130 2492 405 2586 νειυίίδικόζειυ,
429 2495 565 2586 αἰσχρόν
579 2501 614 2567 έν
625 2499 770 2584 τούτοις,
794 2488 954 2583 ύὲταῖρε,
978 2498 1136 2584 δεύτερον

127 2592 352 2681 φαίνεσθαιτί
372 2605 482 2683 τρίτον
504 2600 559 2665 καὶ
579 2593 623 2684 μη
646 2595 707 2684 οὐχ
730 2593 900 2685 ἡγεῖσθαις
944 2606 1051 2665 Δοκεῖ
1068 2622 1134 2682 μοι.

127 2699 261 2760 Πολλοῦ
274 2691 339 2777 όρα
351 2697 403 2762 δεῖ
410 2691 499 2781 ἡμῖν,
513 2687 539 2761 τί
550 2699 713 2780 βέλτιστε,
726 2691 763 2762 τό
775 2702 972 2781 φιλοσοφεῖν
982 2703 1137 2781 πολυμα-

126 2797 185 2860 θία
203 2817 237 2859 τε
257 2789 341 2859 εἶναι
357 2794 411 2859 καὶ
426 2789 446 2878 ἡ
463 2796 538 2877 περὶ
553 2793 611 2872 τοὶς
627 2793 741 2878 τέχνας
752 2799 965 2880 πραγματεία.
985 2794 1137 2873 εἰπόντος

128 2889 160 2959 δ’
172 2894 253 2978 ἐμοῦ
265 2896 368 2958 ταῦτα
380 2887 398 2959 ὁ
410 2892 470 2977 μέν
483 2888 588 2977 σοφός
599 2893 789 2976 αίσχυυθεὶς
804 2906 872 2973 τοῖς
884 2895 1138 2980 προειρημένοις

126 2992 293 3076 ἐσίγησεν,
316 2982 388 3058 ὁδέ
404 2986 537 3077 όμαθης
551 2994 615 3076 ἔφη
632 2991 765 3070 ἐκείνως
784 2988 883 3060 εἶναι·
908 2992 963 3060 καὶ
985 2994 1020 3059 ολ
1039 2989 1138 3059 ἄλλοι

126 3088 291 3175 ἐπῄνεσαν
302 3086 341 3155 τὰ
352 3089 517 3177 εἰρημένα.
