2408 3780
169 213 231 275 214
461 235 464 239 ’
533 213 817 272 ΠΛΑΤΩΝΟΣ
1140 220 1174 275 76

168 401 235 441 των
253 375 348 453 ξύνες
365 372 385 440 δ
403 394 455 440 σοι
467 375 567 459 λέγω,
591 372 644 440 καὶ
655 377 811 458 μηδαμῶς
822 397 905 458 προς
916 380 990 460 βίας
999 379 1175 460 βουληθῇς

168 480 296 559 μᾶλλον
306 467 329 559 η’
340 470 425 540 ἑκών
436 474 553 557 λέγειν.

28 659 29 662 ¹
251 578 327 638 Σύδ.
358 567 458 653 Ἀλλ’,
481 563 658 656 ύμακύοιε
670 575 809 654 Φαῖδρε,
827 578 954 656 γελοῖος
965 576 1080 657 ἔσομαι
1091 568 1173 657 παρ’

105 717 109 722 -
168 670 300 757 αἰγαθὸν
317 668 457 756 ποιητὴν
469 667 599 755 ἰδιώτης
610 664 871 754 αύτοσχεδιύζυν
883 675 1038 753 περὶτῶν
1049 667 1171 736 αὐτῶν.

253 777 342 837 ΦΑΙ.
378 765 476 836 οῖσθ’
492 763 536 845 ὦς
547 771 626 851 ἔχεις
646 775 770 834 παῦσαι
781 769 865 852 πρός
875 795 915 855 με
927 769 1172 854 καλλωπιζόμε-

169 897 241 950 νος·
263 865 381 955 σχεδὸν
391 867 454 953 γὰρ
468 872 529 952 ἔχω
540 861 559 932 δ
571 863 674 932 εἰπών
687 863 865 952 ἀναγκάσω
879 889 915 933 σε
926 870 1043 951 λέγειν.

253 975 330 1036 ΣΩ.
360 970 532 1051 Μηδαμῶς
543 973 659 1030 τοίνυν
669 973 769 1052 εἴπης.

253 1073 343 1134 ΦΑΙ.
379 1063 469 1149 Ούκ,
481 1060 564 1131 ἀλλὰ
576 1062 631 1130 καὶ
643 1060 683 1148 δη
697 1066 795 1150 λέγω·
818 1063 835 1133 ὁ
850 1070 888 1133 δέ
896 1091 952 1151 μοι
964 1064 1062 1148 λόγος
1073 1061 1173 1147 ὅρκος

168 1171 266 1234 ἔσται.
289 1165 413 1250 ὄμνυμι
423 1161 487 1247 γύο
499 1181 552 1230 σοι
566 1201 603 1212 -
615 1167 689 1230 τίνα
700 1167 827 1250 μέντοι,
839 1171 912 1232 τίνα
923 1169 1031 1244 θεῶν;
1056 1157 1078 1248 ἦ
1090 1162 1172 1248 βού-

104 1275 111 1281 ”
132 1273 219 1337 Ελει
237 1267 297 1348 τὴν
315 1261 484 1329 πλάτανον
500 1265 651 1345 ταυτηνί·
673 1254 696 1347 ἦ
710 1263 793 1349 μήν,
817 1263 876 1330 ἐάν
886 1288 941 1348 μοι
950 1258 996 1381 μὴ
1009 1269 1103 1348 ελπης
1114 1259 1173 1328 τὸν

169 1362 271 1449 λόγον
282 1365 434 1431 ἐναντίον
445 1357 546 1445 αὐτῆς
557 1358 693 1445 ταύτης,
711 1364 874 1446 μηδέποτέ
882 1381 934 1427 σοι
946 1361 1060 1445 ἕτερον
1070 1359 1173 1445 λόγον

170 1466 295 1549 μηδενα
305 1458 447 1547 μηδενος
458 1462 628 1539 επιδειξειν
638 1456 717 1544 μηδ
728 1461 920 1544 ἐξαγγελεῖν.

252 1567 330 1628 XIII.
374 1565 447 1626 ΣΩ
478 1564 599 1644 Βαβαί,
629 1551 656 1624 ιδ
682 1559 795 1677 μιαβέ,
826 1583 870 1636 ως
892 1547 931 1624 εύ
951 1554 1089 1640 αυεῦρες
1111 1584 1171 1644 την

73 1717 77 1726 .
169 1656 319 1744 ύνύγκην
331 1656 427 1741 ἀνδρὶ
438 1657 605 1744 φιλολόγῳ
618 1670 727 1724 ποιεῖν
737 1652 755 1724 ὃ
767 1648 809 1723 διν
821 1655 966 1744 κελεύῃς.

253 1764 342 1824 ΦΑΙ.
378 1757 764 1842 Τίδῆταέχωνστρέφει;

253 1860 326 1921 ΣΩ.
364 1851 474 1922 Οὐδὲν
485 1859 541 1937 ἔτι,
554 1851 664 1939 ἐπειδὴ
678 1853 721 1919 σύ
732 1878 770 1938 γε
781 1861 885 1921 ταῦτα
896 1851 1078 1940 ὀμύμοιιας.
1103 1863 1173 1936 πῶς

168 1953 233 2039 γὰρ
245 1950 289 2021 δν
300 1950 369 2032 οἷός
379 1951 408 2020 τ’
422 1963 494 2039 εἴην
503 1954 656 2039 τοιαύτης
666 1959 784 2040 θοίνης
794 1951 989 2040 ἄπέχεσθαι;

102 2067 152 2125 λὸλ
254 2058 344 2119 ΦΑΙ.
378 2053 461 2134 Λέγε
473 2049 523 2134 δή.

253 2158 327 2218 ΣΩ.
361 2140 748 2235 οἶσθόύνι5ςποιήσω;

254 2257 344 2316 ΦΑΙ.
379 2247 549 2328 Τούπέρις

253 2355 327 2417 Σύδ.
355 2345 644 2433 Ἐγκαλυψοὶμενος
654 2349 734 2432 ἐρῶ,
756 2344 803 2415 ἵν’
817 2344 837 2414 ὅ
849 2373 879 2414 τι
889 2345 1021 2432 τάχιστα
1034 2347 1174 2430 διαδού-

169 2445 289 2534 μωτόν
301 2447 413 2533 λόγον,
432 2446 486 2514 καὶ
498 2441 542 2531 μη
561 2446 693 2529 βλέπων
703 2443 787 2528 πρὸς
804 2448 840 2512 σὲ
854 2441 913 2512 ὑπ’
932 2445 1088 2530 αἰσχύνης
1099 2449 1172 2512 δια-

169 2555 330 2632 πυρούμαι.

252 2650 341 2711 ΦΑΙ.
375 2646 459 2728 Λέγε
470 2643 591 2728 μόνον,
604 2641 645 2706 τὰ
657 2639 689 2708 δ’
702 2639 784 2708 ἄλλα
797 2639 887 2721 ὅπως
897 2641 1012 2727 βούλει
1022 2649 1116 2709 ποίει.

252 2749 326 2808 Σύδ.
351 2740 464 2826 ’Ἁγετε
483 2739 541 2827 δή,
564 2732 754 2827 ύΜοῦσαι,
776 2750 840 2809 εἴτε
858 2738 904 2807 δι’
921 2736 1009 2830 ςδδης
1025 2738 1112 2819 εἶδος
1123 2747 1174 2809 λί-

168 2865 269 2925 γειαι,
292 2849 356 2907 ελτε
374 2839 429 2905 διὰ
445 2841 541 2925 γένος
557 2838 720 2924 μουσικὸν
732 2839 769 2908 τὸ
781 2840 917 2925 Λιγύων
928 2839 1054 2926 ταύτην
1065 2844 1172 2925 ἔσχετε

137 2959 143 2963 ·
168 2936 229 3025 τὴν
241 2942 441 3024 ἐπωνυμίαν,
454 2938 517 3022 ξύμ
529 2962 585 3023 μοι
596 2939 740 3023 λάβεσθε
751 2946 814 3057 τοῦ
824 2938 950 3024 μύθου,
962 2936 1003 3005 ὅν
1015 2963 1056 3024 με
1068 2934 1174 3020 τἰναγ-

169 3036 212 3104 κύ
214 3042 258 3117 ζει
270 3063 287 3104 ο
277 3034 465 3122 βέλτιστος
477 3031 589 3104 οὑτοσὶ
600 3038 761 3122 λέγειν,“
745 3032 793 3103 ια’
805 3032 962 3118 ὁὲταῑρος
973 3034 1096 3120 αὐτοῦ,
1119 3061 1171 3102 ναι

133 3165 150 3214 ss
170 3134 331 3221 πρότερον
343 3140 453 3204 δοκῶν
462 3135 569 3225 τούτῳ
581 3134 686 3221 σοφὸς
696 3133 796 3218 εἶναι,
810 3141 875 3201 νῦν
886 3139 932 3201 ἔτι
943 3140 1071 3220 μᾶλλον
1082 3133 1171 3219 δύξη.

173 3273 208 3285 -—
228 3237 286 3301 Ην
304 3233 391 3301 οὕτω
410 3233 449 3320 δη
461 3249 552 3321 παῖς,
575 3243 703 3321 μαλλον
714 3231 749 3302 δὲ
759 3237 985 3318 μειρααισκος,
1009 3228 1098 3317 μύλα
1110 3256 1172 3298 αα-

167 3343 234 3408 λος
266 3332 372 3419 τούτῳ
392 3326 467 3400 δὲ
445 3353 531 3419 ησαν
541 3334 673 3420 ερασταλ
683 3357 774 3400 πανυ
785 3337 910 3400 πολλοί.
943 3326 988 3410 εις
1003 3333 1040 3398 δε
1047 3356 1096 3408 τις
1107 3355 1171 3396 αν

147 3435 222 3490 ταῖν
239 3423 437 3510 αιμύλος
408 3458 467 3520 ην,
494 3428 531 3514 δς
553 3423 734 3512 ούδενδς
711 3456 811 3520 ηττον
827 3433 946 3518 ἑρμῖν’
930 3437 1094 3499 επεπείιιει
1111 3430 1170 3496 τὸν
