2408 3780
379 138 730 197 ΠΑΡΜΕΝΙΔΗΣ.
1022 137 1061 201 31

57 297 135 367 οὔτε
154 294 244 365 αὑτά
263 295 371 364 τούτω
388 292 472 381 πρὸς
483 294 520 362 τὸ
533 297 570 363 ἓν
581 299 692 381 ἔχετον
702 295 764 384 την
777 298 921 386 δύναμιν
931 297 993 387 τὴν
1002 307 1063 369 τοῦ
1081 311 1102 362 1>

57 392 231 481 ὑπερέχειν
247 393 303 461 καὶ
320 390 540 479 ὑπερέχεσθαι
556 389 639 461 ἀλλὰ
657 392 740 479 πρὺς
756 393 902 484 ἀλλήλω,
925 395 1001 466 οὔτε
1018 390 1063 465 αὑ

56 490 93 561 τὸ
106 493 144 560 ἓν
155 491 290 559 τούτοιν
301 488 379 559 οὐδὲ
390 497 458 559 τῶν
470 487 580 559 ἄλλων
589 495 701 577 μεῖζον
711 486 754 561 άν
765 489 840 561 οὐδ’
854 499 990 563 ἔλαττον
1000 504 1061 582 εἴη,

56 589 136 676 μήτε
151 590 294 675 μέγεθος
313 587 395 674 μήτε
412 586 612 675 σμικρότητα
634 593 719 674 ἕχον.
751 588 888 659 Οὔκουν
910 596 1065 676 φαίνεταί

55 713 103 775 με.
130 679 202 771 Ἆρ’
222 677 287 754 οὑν
305 690 336 753 εἰ
352 684 434 772 μήτε
444 690 555 770 μεῖζον
566 686 646 773 μήτε
665 684 855 756 ἔλαττοντὸ
873 690 910 755 ἓν
922 693 991 755 τῶν
1003 686 1064 755 άλ-

57 793 141 869 λων,
163 781 292 869 άνάχκη
312 779 393 850 αὐτὸ
411 785 548 851 ἐκείνων
565 782 646 870 μήτε
666 781 837 870 ὑπερέχειν
847 779 929 871 μηθ’
943 781 1063 869 ὑπερέ-

56 891 191 968 zema
212 878 362 966 Ἀνάγκη.
408 877 545 947 Οὐκοῦν
568 879 606 947 τό
627 906 666 967 χε
687 882 768 968 μήτε
790 878 952 967 ὑπερέχον
976 879 1060 967 μήθ’

55 976 303 1065 ὑπερεχόμενον
322 975 426 1063 πολλη
445 974 574 1065 άνάχκη
593 980 625 1058 ἐξ
636 988 712 1047 ἴσον
724 977 822 1066 εἶναι,
846 982 877 1060 ἐξ
889 988 964 1048 ἴσον
976 978 1011 1047 δὲ
1022 975 1063 1047 ὅν

57 1087 131 1145 ἴσον
149 1075 243 1144 εἶναι.
273 1082 351 1154 Πεδς
361 1071 425 1162 χεὶρ
439 1073 499 1156 οὑχ
519 1077 585 1144 Καὶ
595 1075 662 1162 μὴν
672 1078 727 1145 καὶ
739 1074 821 1144 αὑτό
832 1102 869 1162 χε
881 1074 917 1145 τὸ
930 1079 967 1144 ἓν
978 1074 1060 1161 πρὸς
1077 1098 1098 1148 Ε

56 1172 154 1243 ἑαντδ
172 1171 280 1253 οὕτως
296 1168 339 1241 άν
355 1178 438 1258 ἔχει’
460 1172 541 1259 μήτε
560 1177 701 1260 μέγεθος
717 1177 752 1242 ἐν
769 1175 877 1265 ἑαυτῷ
894 1174 974 1261 μήτε
987 1197 1062 1260 σμι-

56 1273 199 1358 κρότητα
217 1276 293 1358 ἔχον
309 1269 383 1340 οὔτ’
402 1265 446 1339 άν
462 1268 653 1356 ὑπερέχοιτο
671 1270 745 1340 οὔτ’
763 1267 807 1340 άν
817 1269 971 1359 ὑπερέχοι
983 1274 1062 1341 ἑαυ-

56 1378 134 1454 τοῦ,
160 1367 234 1439 ἀλλ’
254 1372 287 1451 ἐξ
304 1378 381 1438 ἴσον
398 1364 440 1436 δν
453 1379 526 1437 λσον
538 1363 582 1435 άν
594 1379 643 1456 εἴη
656 1371 770 1456 ἑαυτῷ.
803 1370 904 1438 Πάνν
914 1370 976 1457 μὲν
987 1361 1059 1436 οὖν.

58 1465 104 1536 Τὸ
116 1469 155 1535 ἓν
167 1464 231 1551 άρα
243 1470 395 1558 ἑαντῷτε
406 1468 539 1546 καὶτοῖς
550 1463 747 1546 άλλοιςλσον
758 1462 800 1536 άν
812 1477 871 1553 εἴη.
895 1474 1059 1536 Φαίνεται.

56 1567 123 1634 Καὶ
141 1561 209 1653 μὴν
226 1563 308 1634 αὑτό
319 1591 357 1651 χε
373 1567 411 1634 ἐν
429 1566 535 1654 ἐαυτῷ
552 1559 592 1632 δν
603 1566 658 1633 καὶ
670 1567 744 1650 περὶ
757 1565 854 1634 ἑαυτὸ
866 1560 909 1632 άν
920 1576 969 1651 ελη
982 1570 1060 1645 ἔξω·

55 1674 136 1749 θεν,
160 1665 213 1731 καὶ
230 1666 381 1749 περιέχον
397 1667 459 1749 μὲν
474 1667 585 1749 μεῖζον
596 1657 640 1728 άν
651 1663 772 1731 ἑαυτοῦ
783 1673 848 1750 εἴη,
871 1665 1062 1750 περιεχόμε-

55 1787 118 1830 νον
135 1760 171 1831 δὲ
187 1766 337 1846 ἔλαττον,
362 1762 417 1830 καὶ
428 1759 516 1828 οὑτω
528 1765 637 1845 μεῖζον
648 1752 691 1826 άν
702 1760 757 1827 καὶ
768 1764 902 1828 ἔλαττον
914 1771 963 1847 εἴη
977 1758 1058 1829 αὐτὸ
1078 1776 1123 1830 151

56 1860 178 1927 ἑαυτοῦ
189 1857 225 1927 τὸ
238 1861 284 1929 ἓν.
305 1867 368 1946 Ελη
379 1856 444 1947 γάρ
455 1857 507 1927 άν.
537 1855 673 1926 Οὐκοῦν
685 1858 740 1926 καὶ
750 1858 825 1926 τόδε
836 1855 982 1946 άνάχκη,
994 1887 1059 1948 μη-

56 1960 113 2028 δὲν
129 1956 214 2027 εἶναι
230 1954 322 2037 ἐκτὸς
333 1966 395 2026 τοῦ
405 1957 480 2036 ἑνός
491 1982 525 2024 τε
539 1957 672 2025 καὶτῶν
684 1955 802 2026 άλλων.
834 1965 912 2038 Πῶς
923 1957 987 2044 γάρ
1000 1959 1058 2040 οὕς

53 2056 150 2127 Ἀλλά
162 2054 230 2144 μὴν
240 2059 295 2126 καὶ
306 2055 392 2125 εἷναί
400 2080 466 2123 που
478 2055 575 2124 δεῖτό
587 2081 624 2139 χε
637 2050 678 2123 δν
689 2053 748 2123 ἀεί.
770 2061 846 2123 Ναί.
873 2052 1010 2125 Οὐκοῦν
1021 2058 1058 2126 τό

54 2181 91 2241 με
107 2160 146 2224 ἔν
158 2179 203 2243 τω
217 2149 259 2222 δν
269 2159 306 2222 ἐν
316 2159 439 2240 μείζονι
450 2159 539 2222 ἔσται
550 2158 684 2221 ἔλαττον
695 2150 752 2234 ὅν;
774 2151 816 2221 ού
826 2152 890 2240 γάρ
902 2149 945 2222 άν
956 2153 1062 2234 άλλως

55 2255 172 2340 ἕτερον
192 2254 230 2320 ἐν
251 2253 350 2342 ἑτέρῳ
368 2262 426 2338 εἴη.
462 2248 514 2320 Οὐ
531 2251 602 2338 γάρ.
633 2248 760 2337 Ἐπειδὴ
780 2250 816 2320 δὲ
832 2249 932 2320 οὐδὲν
948 2253 1061 2339 ἕτερόν

55 2354 124 2421 ἐστι
139 2351 238 2437 χωρὶς
255 2358 323 2418 τῶν
334 2349 446 2419 άλλων
455 2351 510 2418 καὶ
521 2356 580 2417 τοῦ
594 2349 684 2435 ἑνός,
706 2350 802 2418 δεῖδὲ
814 2347 897 2416 αὑτά
909 2356 1001 2440 ἔντηι
1015 2350 1060 2418 εἶ-

56 2477 128 2536 ναι,
154 2444 754 2535 οὑκάνάχκηῆδηἐνάλληλοιςεῖναι,
777 2445 817 2514 τά
827 2473 862 2514 τε
873 2445 957 2514 άλλα
967 2449 1004 2515 ἐν
1014 2456 1062 2537 τῷ

57 2549 106 2618 ἑνὶ
123 2549 178 2615 καὶ
195 2544 233 2615 τὸ
252 2549 414 2624 ἓνέντολς
425 2542 553 2632 άλλοις,
574 2540 597 2633 ἢ
607 2549 761 2632 μηδαμοῦ
772 2542 871 2622 εἶναις
895 2551 1060 2616 Φαίνεται.
1076 2566 1096 2616 Β

52 2645 124 2716 Ὅτι
136 2645 199 2733 μὲν
213 2643 279 2731 άρα
296 2641 334 2713 τὸ
354 2647 392 2715 ἓν
408 2646 523 2723 ἐντοῖς
533 2642 645 2723 άλλοις
655 2648 777 2729 ἔνεστι,
799 2648 895 2731 μείζω
906 2638 949 2711 άν
960 2653 1009 2730 ελη
1020 2641 1060 2711 τά

55 2743 141 2813 ἄλλα
158 2751 221 2812 τοῦ
237 2743 330 2829 ἑνός,
354 2743 546 2829 περιέχοντα
563 2739 663 2826 αὑτό,
688 2738 724 2809 τὸ
744 2741 779 2810 δὲ
796 2744 835 2810 ἓν
846 2746 981 2809 ἔλαττον
992 2748 1060 2809 τῶν

54 2842 184 2928 άλλων,
197 2839 444 2928 περιεχόμενον·
464 2839 514 2908 ὅτι
525 2843 560 2908 δὲ
571 2836 611 2907 τά
623 2838 705 2908 άλλα
717 2843 809 2929 ἐντῷ
821 2840 884 2925 ἑνί,
896 2838 932 2908 τὸ
945 2843 982 2908 ἓν
993 2846 1062 2907 τῶν

10 2950 12 2955 ’
55 2938 170 3008 άλλων
187 2935 270 3006 κατὰ
290 2935 348 3005 τὸν
365 2934 469 3005 αὑτὸν
486 2934 587 3023 λόχον
608 2943 717 3024 μεῖζον
734 2931 778 3004 άν
790 2946 856 3022 ελη,
877 2933 917 3003 τὰ
930 2937 965 3005 δὲ
977 2936 1061 3003 άλλα

54 3045 116 3105 τοῦ
134 3033 210 3117 ἑνὸς
226 3035 358 3105 ἐλάττω.
381 3035 522 3103 Ἔοικεν.
557 3031 602 3102 Τὺ
622 3038 659 3102 ἓν
675 3034 740 3120 άρα
757 3042 832 3104 ἴσον
841 3058 875 3101 τε
886 3034 941 3101 καὶ
951 3037 1060 3118 μεῖζον

54 3135 108 3203 καὶ
127 3132 265 3203 ἔλαττόν
282 3135 372 3203 ἐστιν
388 3131 470 3202 αὑτό
480 3158 516 3200 τε
527 3130 633 3201 αὑτοῦ
643 3133 775 3201 καὶτῶν
785 3129 905 3199 άλλων.
939 3133 1060 3196 Φαίνε-

54 3259 115 3301 ται.
150 3232 218 3302 Kal
234 3229 301 3320 μὴν
312 3241 403 3318 εἴπερ
414 3237 524 3320 μεῖζον
534 3232 589 3300 καὶ
600 3237 735 3300 ἔλαττον
746 3231 800 3298 καὶ
812 3238 902 3314 ἴσον,
924 3236 1006 3296 ἴσων
1017 3219 1061 3294 άν

55 3339 103 3418 ελη
114 3331 248 3417 μέτρων
259 3331 314 3398 καὶ
324 3331 488 3400 πλειόνων
498 3331 553 3401 καὶ
564 3328 748 3398 ἐλαττόνων
757 3324 848 3418 αὑτῷ
859 3327 914 3395 καὶ
923 3340 991 3407 τοῖς
999 3324 1060 3394 άλ-
1080 3337 1097 3391 G
1171 3338 1184 3417 η’
