2408 3780
47 31 154 159 τ

47 164 92 273 ζ’-ϊτ
406 178 723 237 Συααοειοα.
844 192 851 199 ·
1005 178 1065 243 163

54 332 126 405 ’ἀλλ’
137 332 206 405 {md
216 334 368 423 θάρρους
378 337 432 403 καί
441 332 595 422 ἀνδρείας
605 338 659 403 καὶ
672 336 888 423 ἀρρενωπίας,
900 340 936 408 τὸ
948 339 1066 427 ὅμοιον

63 432 172 515 τάτυίς
181 428 413 521 ἀσπαζόμενοι.
438 435 520 519 μέγα
538 434 573 503 δέ
590 438 781 524 τεκμήριον·
806 438 1064 524 καίγάρτελεω-

66 534 177 613 θέντες
186 532 286 619 μόνοι
297 530 540 620 ἀποβαίνουσιν
552 540 597 613 είς
607 537 646 602 τά
660 534 809 605 πολιτικά
822 536 942 623 ἀνδρες
954 542 988 604 υί
996 564 1063 605 τοι-

67 638 162 701 οῦτοι.
183 630 320 701 έπειδάν
337 632 373 701 δὲ
389 630 607 755 ἀνδρωθρὶσι,
629 640 885 722 παιδεραστοῦσι
906 637 960 703 καὶ
982 635 1065 720 πρός

66 730 186 819 γάμους
201 732 258 800 καί
273 736 445 800 παιδοποιί
430 738 480 811 ίας
496 729 539 799 οὐ
561 733 808 819 προσέχουσι
773 760 835 801 τον
853 740 936 801 νοῦν
954 734 1103 818 φύσειε

69 826 179 898 cmc?
158 826 301 899 υπδτοῦ
317 830 424 918 νόμου
440 830 693 917 ἀναγκάζονται
717 828 792 899 ἀλλ’
812 836 941 920 ἐξαρκεῖ
954 829 1066 911 αὐτοῖς

70 954 121 1015 μετ
122 925 303 1016 ’ἀλλήλων
320 929 498 1019 καταζήν’
481 932 630 1017 αγάμοις.
653 931 785 1011 πάντως
801 924 922 1017 μέν
880 957 943 998 ουν
960 928 978 998 ὁ
996 958 1064 998 τοι-

70 1032 157 1106 οῦτος
176 1029 395 1116 παιδεραστής
414 1055 449 1097 τε
473 1033 526 1098 καί
549 1029 745 1118 φιλεραστής
766 1037 927 1118 γίγνεται,
957 1028 1006 1099 ἀεὶ
1027 1029 1063 1097 τδ

70 1126 214 1211 ξυγγενὲς
233 1124 466 1214 ἀσπαζόμενος.
491 1127 571 1198 ὅταν
592 1129 654 1215 μὲν
676 1121 815 1197 οὖνκαὶ
838 1128 927 1219 αὐτῷ
950 1130 1064 1219 ἐκείνω

70 1224 236 1317 έντόχητρῐ
251 1224 356 1294 αὐτοῦ
366 1225 474 1314 ἡμίσει
489 1231 544 1296 καὶ
555 1226 573 1296 δ
586 1226 804 1315 παιδεραστής
815 1231 870 1296 καὶ
881 1228 979 1308 ἀλλος
991 1237 1064 1312 πᾶς,

69 1322 134 1391 τότε
148 1325 204 1392 καὶ
218 1325 396 1411 θαυμαστά
414 1329 646 1415 ἐκπλήττονται
658 1335 751 1418 φιλία
765 1352 800 1394 τε
816 1328 871 1394 καί
889 1327 1060 1413 οἰκειότητι
1081 1342 1101 1390 υ

69 1424 119 1489 καί
136 1426 247 1511 ἔρωτι,
270 1421 332 1493 οὐκ
354 1428 542 1514 ἐθέλοντες,
567 1425 609 1507 ὡς
630 1432 707 1507 ἔπος
729 1434 848 1512 εἰπεῖν,
870 1432 1066 1511 χωρίζεσθαι

71 1516 214 1608 ἀλλήλων
231 1521 310 1594 οὐδὲ
321 1524 462 1612 σμικρόν
472 1527 604 1613 χρόνον.
629 1530 683 1594 καὶ
701 1531 735 1594 οί
751 1530 977 1603 διατελοῦντες
992 1523 1064 1609 μετ’

70 1616 212 1709 ἀλλήλων
224 1621 280 1691 διά
297 1631 373 1711 βίον
384 1618 480 1692 οὗτοί
493 1631 593 1713 εἰσιν,
619 1632 653 1693 οἳ
669 1623 742 1693 οὐδ’
760 1621 803 1693 ἀν
815 1631 919 1710 ἔχοιεν
931 1620 1066 1692 είπεῖνό

70 1744 96 1787 τι
103 1720 280 1807 βούλονται
291 1730 384 1809 σφίσι
395 1723 474 1810 παρ’
488 1722 641 1811 ἀλλήλων
650 1732 834 1810 γίγνεσθαι.
856 1719 936 1791 οὐδὲ
946 1720 1011 1809 γάρ
1023 1717 1066 1789 ἀν

69 1817 162 1899 δόξειε
177 1819 269 1888 τοῦτ’
288 1820 371 1889 εἶναι
389 1820 409 1909 ἡ
427 1829 495 1891 τῶν
512 1821 718 1909 ἀφροδισίων
736 1831 914 1910 συνουσία,
939 1820 983 1901 ὦς
999 1820 1064 1908 ἀρα

69 1918 179 1989 τούτου
190 1922 287 1989 ἕνεκα
299 1922 409 2006 ἕτερος
426 1924 524 2012 ἑτέρῳ
536 1929 642 2010 χαίρει
653 1920 763 2003 ξυνιδν
779 1921 885 2001 οὕτως
898 1922 949 1990 ἐπὶ
961 1920 1064 2007 μεγά-

67 2024 117 2105 λης
132 2024 295 2105 σπονδῆς·
316 2017 389 2089 ἀλλ’
410 2020 489 2089 ἀλλο
507 2047 538 2088 τι
554 2025 740 2109 βουλομένη
759 2022 916 2107 ἑκατέρου
936 2018 957 2105 ή
975 2014 1063 2105 ψυχή

66 2117 139 2205 δήλη
152 2122 257 2203 ἐστίν,
279 2116 299 2186 δ
310 2115 350 2186 οὐ
362 2120 500 2187 δύναται
511 2125 628 2207 είπείν,
648 2120 731 2190 ἀλλά
742 2120 937 2207 μαντεύεται
949 2116 968 2187 δ
979 2118 1062 2206 βοό-
1081 2135 1102 2184 1)

67 2224 163 2305 λεται,
187 2219 243 2286 καὶ
260 2223 441 2286 αἰνίττεται.
465 2222 519 2287 καὶ
538 2227 568 2289 εί
583 2220 693 2301 αὐτοῖς
704 2225 799 2309 ἐντῷ
809 2219 899 2311 αὐτῷ
911 2243 1066 2287 κατακει-

63 2319 171 2401 μένοις
181 2315 341 2397 ἐπιστάςὸ
355 2318 553 2406 Ἥφαιστος,
576 2319 710 2404 ἔχωντά
723 2317 866 2403 ὄργανα,
890 2322 1012 2400 έροιτο·
1035 2320 1070 2381 τί

61 2412 134 2485 ἐσθ’
147 2413 361 2504 δβούλεσθε,
381 2409 408 2484 τό
419 2416 610 2501 ἅνθρωποι,
621 2413 703 2500 ὑμῖν
713 2413 791 2499 παρ’
807 2413 960 2500 ἀλλήλοιν
971 2417 1066 2498 γενέ·

62 2526 157 2598 σθαις
180 2518 235 2584 καὶ
253 2521 283 2583 εί
298 2513 508 2599 ἀποροῦντας
529 2510 653 2593 αὐτοὺς
674 2513 776 2582 πάλιν
797 2519 920 2600 ἔροιτο
943 2504 1009 2596 ἀρά
1028 2537 1065 2597 γε

57 2619 155 2684 τοῦδε
166 2619 364 2701 ἐπιθυμεῖτε,
378 2616 467 2705 ἐντῷ
478 2610 569 2704 αὐτῷ
577 2617 735 2700 γενέσθαι
746 2611 806 2681 ὅτι
815 2612 956 2700 μάλιστα
965 2610 1066 2698 ἀλλή-

57 2723 141 2802 λοις,
167 2712 250 2782 ὥστε
267 2719 320 2784 καί
333 2714 438 2783 νύκτα
454 2716 509 2782 καὶ
519 2711 644 2802 ἡμέραν
655 2713 699 2802 μή
713 2711 951 2783 ἀπολείπεσθαι
963 2709 1067 2799 ἀλλή-

56 2825 143 2898 λωνς
162 2821 193 2884 εί
201 2813 264 2902 γάρ
276 2815 398 2884 τούτου
409 2817 615 2900 ἐπιθυμεῖτε,
627 2816 733 2882 ἐθέλω
744 2810 831 2901 ὑμᾶς
841 2816 1000 2900 συντήξαι
1010 2812 1066 2880 καί
1085 2829 1106 2880 Ε

56 2923 233 3002 συμφῦσαι
244 2921 289 2995 είς
300 2915 336 2985 τὸ
349 2915 449 3002 αὐτό,
473 2914 557 2984 όίστε
569 2912 624 2983 δύ’
643 2911 741 2993 όντας
757 2915 817 2981 ἕνα
827 2918 1000 2999 γεγονέναι
1009 2911 1065 2978 καὶ

55 3017 118 3095 ἕως
128 3011 159 3082 τ’
171 3009 216 3082 ἀν
228 3020 310 3103 ζήτε,
323 3011 367 3096 ὡς
378 3016 436 3084 ἕνα
449 3013 546 3103 ὅντα,
568 3020 665 3102 κοινή
684 3010 893 3099 ἀμφοτέρους
910 3016 985 3098 ζήν,
1009 3011 1064 3076 καί

56 3112 194 3184 έπειδάν
217 3111 426 3202 ἀποθάνητε,
455 3118 526 3184 ἐκεί
543 3106 588 3182 αὖ
609 3110 774 3179 ἐν”Αιδου
795 3106 869 3177 ἀντὶ
892 3113 985 3175 δυεῖν
1005 3109 1065 3174 ἕνα

56 3213 144 3282 εἶναι
165 3223 262 3301 κοινή
283 3221 461 3283 τεθνεῶτε·
484 3209 559 3282 ἀλλ’
584 3209 681 3296 ὁρᾶτε
700 3215 731 3278 εί
750 3208 874 3275 τούτου
893 3208 989 3294 ἐρᾶτε
1010 3209 1065 3274 καὶ

55 3314 189 3397 ἐξαρκεῖ
195 3309 275 3398 ὑμῖν
287 3307 330 3380 ἀν
340 3312 462 3380 τούτου
478 3311 608 3397 τύχητε·
630 3315 734 3376 ταῦτα
751 3303 897 3386 ἀκούσας
908 3313 1004 3395 ίσμεν
1014 3304 1066 3375 ότι

54 3408 127 3480 οὐδ
139 3407 236 3491 ἀνείς
247 3415 442 3498 έξαρνηθείη
455 3408 524 3479 οὐδ’
537 3409 618 3480 ἀλλο
629 3435 660 3477 τι
668 3402 713 3476 ἀν
720 3412 841 3496 φανείη
849 3407 1065 3562 ήρρλόμενος,
