2408 3780
66 176 99 230 73
257 170 586 230 ΑΛΚΙΒΙΑΔΗΣ
605 168 872 227 ΔΕΥΤΕΡΟΣ.
1007 163 1070 229 343

64 326 182 415 μάτην,
195 338 286 407 θεοῖς
297 324 565 414 ἀπηχθημένους.
578 324 620 395 ού
629 328 710 414 γάρ,
723 325 823 414 οἶμαι,
835 325 989 395 τοιοῦτόν
1001 329 1070 395 ἐστι

66 425 102 493 τδ
121 434 190 494 τών
205 434 315 511 θεῶν,
338 425 421 496 ώστε
437 422 501 495 ὑπὸ
522 423 640 513 δώρων
656 426 868 513 παράγεσθαι
878 421 951 494 οἷον
962 423 1069 493 κακόν

64 524 234 612 τοκιστήν·
246 523 329 594 ἀλλά
339 529 394 593 καλ
406 522 499 613 ήμεῑς
510 520 617 612 εῦήθη
628 523 731 611 λόγον
741 527 891 611 λέγομεν,
904 521 1074 603 ἀξιοῦντες

64 628 336 710 Λακεδαιμονίων
352 624 457 712 ταῦτη
474 638 641 707 περιεῖναι.
664 625 720 692 καὶ
734 620 799 708 γάρ
818 618 861 690 ἀν
880 621 993 690 δεινόν
1010 631 1070 708 είη,

65 726 96 788 εί
110 720 193 809 πρός
209 720 249 789 τά
262 726 354 809 δώρα
370 724 426 790 καὶ
442 722 499 800 τάς
516 729 638 802 θυσίας
655 720 903 810 ἀποβλέπουσιν
922 718 1019 809 ήμών
1040 724 1076 788 οἱ

64 827 155 907 θεοί,
178 819 262 889 ἀλλά
280 819 324 907 μή
338 818 422 907 πρός
437 820 498 907 τήν
510 820 623 907 ψυχήν
630 872 640 906 ,
663 819 706 889 ἀν
716 848 765 901 τις
777 818 868 900 ὅσιος
879 821 934 888 καὶ
946 824 1072 897 δίκαιος

67 913 282 1008 ώντυγχάνη.
302 926 415 1008 πολλῷ
426 944 463 1005 γε
474 927 618 1006 μᾶλλον,
641 917 745 1006 οἶμαι,
768 915 1071 1007 ήπρδςτάςπολυ-
1089 928 1144 982 15⁰

64 1025 166 1096 τελεῖς
182 1018 304 1096 τούτοις
320 1017 455 1103 πομπάς
475 1043 510 1085 τε
530 1018 586 1086 καλ
605 1025 741 1102 θυσίας,
764 1015 803 1098 ἀς
826 1015 926 1087 οῦδὲν
949 1016 1072 1085 κωλύει

65 1115 170 1184 πολλά
185 1121 247 1204 μὲν
265 1122 311 1197 είς
326 1114 444 1203 θεούς,
466 1114 572 1186 πολλά
590 1115 623 1184 δ’
642 1121 688 1196 είς
704 1114 909 1203 ἀνθρώπους
922 1117 1072 1205 ήμαρτη-

65 1215 163 1293 κότας
185 1217 240 1284 καὶ
258 1215 393 1302 ἰδιώτην
411 1217 467 1284 καὶ
483 1214 582 1284 πόλιν
598 1218 684 1301 ἔχειν
700 1213 757 1283 ἀν’
775 1217 917 1284 ἕκαστον
934 1223 1006 1297 ἔτος
1017 1241 1073 1284 ve·

65 1321 151 1380 λείν·
180 1316 215 1380 οί
234 1317 286 1397 δέ,
315 1311 371 1380 ἀτε
392 1308 434 1380 ού
456 1313 641 1398 δωροδόκον
663 1313 771 1400 ὄντες,
799 1324 1073 1403 καταφρονοῦσιν

66 1408 225 1479 ἀπόντων
235 1411 383 1497 τούτων,
406 1410 451 1491 ώς
468 1430 571 1499 φησιν
587 1408 605 1480 ὁ
622 1409 704 1490 θεός
719 1414 775 1480 καὶ
786 1421 878 1481 θεών
888 1413 1072 1499 προφήτης.

65 1507 255 1577 κινδυνεύει
265 1517 351 1594 γοῦν
362 1512 417 1578 καί
434 1509 524 1596 παρά
535 1521 627 1588 θεοῖς
637 1514 692 1578 καὶ
706 1507 785 1597 παρ’
799 1508 992 1598 ἀνθρώποις
1004 1525 1072 1592 τοϊς
1102 1550 1104 1555 ·

66 1615 152 1676 νοῦν
164 1613 275 1693 ἔχουσι
286 1607 478 1696 δικαιοσύνη
491 1635 526 1677 τε
536 1612 592 1678 καλ
603 1608 765 1697 φρόνησις
781 1612 1007 1696 διαφερόντως
1017 1637 1073 1679 τε·

70 1715 244 1793 τιμήσθαι·
268 1708 425 1794 φρόνιμοι
440 1709 476 1777 δὲ
493 1710 549 1778 καλ
567 1713 688 1776 δίκαιοι
705 1709 768 1777 οῦκ
786 1709 977 1788 ἀλλοιτινές
989 1716 1072 1778 είσιν
1091 1731 1112 1780 Β

67 1803 88 1892 ή
104 1814 171 1875 τών
191 1805 329 1875 εἰδότων
346 1804 369 1874 ἀ
386 1813 439 1876 δεῖ
450 1808 607 1895 πράττειν
619 1811 675 1875 καὶ
691 1812 800 1895 λέγειν
810 1806 893 1895 πρδς
903 1808 1006 1886 θεοὺς
1017 1809 1072 1877 καὶ

65 1903 150 1989 πρός
162 1901 373 1990 ἀνθρώπους.
386 1913 571 1994 βουλοίμην
583 1904 614 1974 δ’
627 1905 670 1975 ἀν
680 1909 737 1976 καλ
748 1916 813 1975 σοῦ
822 1911 995 1976 πυθέσθαι
1008 1906 1073 1976 ότί

66 2029 145 2076 ποτε
155 2006 250 2093 ἐννῷ
261 2009 342 2090 ἔχεις
353 2003 436 2089 πρὸς
447 2013 558 2074 ταῦτα.

150 2109 221 2172 ΑΛ.
253 2100 338 2172 Ἀλλ’
355 2106 442 2190 ἐμοί,
466 2096 494 2172 ω’
504 2105 697 2190 Σώκρατες,
721 2103 783 2173 οῦκ
795 2104 879 2194 ἄλλη
890 2130 935 2194 πη
948 2111 1042 2174 δοκεῖ
1049 2101 1071 2191 ή

64 2188 151 2286 ήπερ
163 2210 217 2268 σοι’
225 2227 260 2268 τε
272 2204 327 2270 καλ
338 2210 385 2292 τῷ
395 2211 483 2292 θεῷ·
501 2201 580 2273 οῦδὲ
589 2203 653 2290 γάρ
666 2200 809 2284 ἀνέίκός
820 2214 869 2291 είη
881 2202 1071 2292 ἀντίύηφον

64 2297 122 2386 ἐμὲ
133 2307 178 2389 τῷ
187 2307 258 2390 θεῷ
269 2303 433 2384 γενέσθαι.

149 2404 223 2466 Σίδ.
259 2396 396 2467 Οὐκοῦν
404 2402 566 2486 μέμνησαι
576 2401 613 2466 ἐν
623 2404 730 2486 πολλή
742 2397 864 2488 ἀπορία
876 2398 1016 2486 φάσκων
1028 2397 1075 2467 εἶ-

65 2524 137 2584 ναι,
159 2496 248 2577 ὅπως
264 2497 308 2583 μή
328 2498 436 2586 λα’θης
448 2495 590 2567 σεαυτόν
601 2495 777 2585 εὐχόμενος
786 2500 873 2568 κακά
880 2550 889 2584 ,
912 2504 1024 2568 δοκών
1036 2501 1071 2568 δὲ
1091 2517 1112 2568 0

64 2593 194 2682 ἀγαθός

149 2703 220 2765 ΑΛ.
242 2692 377 2781 Ἔγωγε.

149 2802 224 2863 Σίλ.
253 2791 349 2884 Ὁρᾷς
372 2787 446 2879 οὖν,
471 2791 514 2873 ὡς
537 2794 599 2863 ούκ
623 2793 770 2881 ἀσφαλές
786 2800 842 2864 σοί
856 2797 944 2863 ἐστιν
960 2797 1074 2864 ἐλθεῖν

65 2891 314 2979 πρὸςτδνθεδν
326 2892 511 2984 εῦξομένφ,
534 2898 592 2962 ἵνα
608 2891 688 2981 μηδ’
707 2888 750 2961 ἀν
769 2891 857 2961 οὕτω
868 2894 967 2980 τύχη,
990 2901 1075 2979 βλα-

65 2995 278 3080 σφημοῦντός
300 3015 363 3063 σου
386 2992 520 3062 ἀκούων
537 2991 642 3063 οῦθδν
657 2991 853 3078 ἀποδέξηται
876 2997 931 3076 τῆς
951 2997 1072 3070 θυσίας

65 3094 201 3179 ταύτης,
224 3092 326 3180 τνχδν
338 3096 373 3164 δὲ
385 3098 440 3163 καὶ
452 3094 567 3178 ἕτερόν
578 3119 609 3160 τι
620 3089 907 3179 προσαπολαύσης.
930 3091 1001 3176 ἐμοὶ
1010 3094 1073 3175 μὲν

66 3185 130 3260 ούν
149 3197 241 3261 δοκεῖ
256 3196 425 3280 βέλτιστον
442 3191 676 3278 ελναιήσυχίαν
688 3195 781 3276 ἔχειν.
800 3197 839 3279 τῇ
850 3191 912 3275 μὲν
925 3188 1073 3275 γάρΛα-

65 3298 287 3379 κεδαιμονίων
304 3290 383 3380 εὐχή
401 3291 454 3360 διά
471 3290 534 3378 τήν
555 3294 802 3376 μεγαλοψυχίαν
823 3327 866 3338 -
887 3295 986 3354 τοῦτο
1007 3284 1073 3371 γάρ

67 3393 241 3461 κάλλιστον
258 3399 326 3461 τών
343 3395 380 3460 ἐν
396 3389 572 3481 ἀφροσύνη
594 3387 769 3476 ὀνομάτων
788 3428 825 3440 -
844 3386 907 3455 οῦκ
924 3384 967 3454 ἀν
985 3384 1081 3472 οἶμαί
1149 3420 1153 3427 ·

1156 3446 1176 3523 4
