2408 3780
64 191 99 248 27
407 185 736 244 ΑΛΚΙΒΙΑΔΗΣ.
1007 178 1069 243 297

148 352 218 413 ΑΛ.
253 351 294 412 Τί
303 343 347 432 δ’,
361 351 392 413 εί
400 343 445 412 τω
456 347 655 429 Περικλέους
667 344 735 410 υίέε
745 340 865 430 ἠλιθίω
877 345 1068 429 ἐγενέσθην,
1085 352 1105 401 E

65 437 299 530 εόΣοόκρατεςς
752 475 754 479 ⁴

148 549 224 613 ΣΠ.
254 542 351 612 Ἀλλδι
362 550 520 613 Κλεινίαν
531 539 590 608 τόν
603 544 665 609 σὸν
676 538 834 627 ἀδελφόν.

149 652 220 711 ΑΛ.
256 650 298 710 Τι’
311 641 344 711 δ’
360 637 404 710 δν
423 635 467 709 αὖ
477 645 635 709 Κλεινίαν
646 643 769 726 λέγοις,
793 637 998 725 μαινόμενον
1008 635 1072 703 όίυ-

65 751 222 825 θρωπον;

149 847 225 909 ΣΠ.
256 838 382 926 Ἐπειδὴ
401 846 517 908 τοίνυν
532 843 686 916 Κλεινίας
702 838 764 924 μέν
785 844 949 923 μαίνεται,
972 836 1018 903 τώ
1036 836 1071 902 δέ

64 942 267 1025 Περικλέους
285 941 353 1006 υίέε
369 935 489 1024 ἠλιθίω
501 939 699 1023 ἐγενέσθην,
720 939 772 1005 σοὶ
782 948 856 1005 τίνα
869 941 976 1003 αίτιάν
988 932 1072 1002 ἀνα-

65 1044 198 1122 θῶμεν,
211 1034 255 1103 δι’
272 1035 293 1104 ό
306 1063 336 1103 τι
348 1055 385 1104 σε
396 1035 503 1114 οὕτως
513 1039 629 1121 ἔχοντα
640 1045 795 1126 περιορᾷς

151 1143 223 1203 ΑΛ.
253 1134 470 1222 Έγοό,οίμαι,
482 1143 585 1212 αίτιος
594 1129 636 1200 οό
647 1136 817 1221 προσέχων
828 1132 889 1201 τὸν
899 1141 991 1201 νοῦν.

152 1240 226 1302 ΣΠ.
256 1231 353 1303 Ἀλλὰ
364 1242 432 1302 τοῖν
442 1232 553 1302 ἄλλων
567 1230 753 1320 Ἀθηναίων
765 1229 787 1322 ἦ
798 1241 865 1302 τῶν
878 1237 982 1315 ξένων
993 1238 1074 1302 δοῦ·
1090 1249 1138 1305 m

68 1341 129 1400 λον
149 1329 172 1418 ἢ
194 1332 374 1418 ἐλεύθερον
397 1335 483 1417 είπέ,
507 1329 598 1411 ὅστις
614 1339 722 1400 αἰτίαν
738 1339 801 1418 ἔχει
817 1329 871 1400 δια
889 1331 951 1418 τήν
968 1338 1072 1416 Περι-

66 1434 183 1511 κλέους
200 1437 382 1498 συνουσίαν
394 1431 585 1515 σοφοίτερος
601 1432 789 1516 γεγονέναι,
815 1427 924 1514 ὥσπερ
935 1430 997 1514 ἐγώ
1010 1435 1071 1515 έχω

67 1551 119 1598 σοι
142 1536 245 1598 εἰπεῖν
267 1529 321 1597 διὰ
343 1527 405 1614 τὴν
426 1527 583 1613 Ζήνωνος
599 1528 814 1615 Πυθόδωρον
833 1525 893 1595 τόν
907 1526 1072 1614 Ἰσολόχου

66 1632 119 1697 καί
132 1635 279 1696 Καλλίαν
290 1625 349 1693 τόν
359 1624 568 1709 Καλλιάδου,
588 1619 637 1694 οδν
648 1627 799 1713 ἑκάτερος
810 1626 942 1714 Ζήνωνι
954 1625 1073 1696 ἑκατόν

67 1735 151 1813 μνοῖς
162 1728 293 1802 τελέσας
304 1723 409 1808 σοφός
419 1748 454 1790 τε
464 1725 519 1792 καὶ
530 1726 701 1811 ἐλλόγιμος
712 1729 860 1811 γέγονεν.

152 1832 221 1892 ΑΛ.
254 1821 351 1891 Ἀλλὰ
362 1821 408 1908 μοὶ
420 1820 480 1889 Δί’
491 1820 553 1890 οὐκ
568 1829 637 1910 ἔχω.

153 1929 226 1990 ΣΠ.
258 1919 353 1989 Είεν·
364 1926 399 1988 τί
407 1913 471 1988 οὖν
482 1926 609 1997 διανοεῖ
617 1925 692 2009 περὶ
703 1932 830 1992 σαυτοῦ
836 1953 844 2003 ;
860 1924 1003 2009 πότερον
1014 1926 1074 2011 έᾴν

69 2020 111 2102 ὡς
123 2029 187 2089 νῦν
200 2027 295 2107 ἔχεις,
312 2013 334 2105 ἢ
345 2018 531 2104 έπιμέλειόν
540 2046 614 2088 τινα
626 2030 810 2103 ποιεῖσθαις

151 2128 218 2190 XV·
261 2127 332 2187 ΑΛ.
365 2119 471 2206 Κοινὴ
483 2119 605 2205 βουλή,
618 2110 839 2204 οδΣοόκρατες.
850 2125 956 2189 καίτοι
968 2122 1074 2188 ἐννοῶ
1089 2140 1113 2189 Β

70 2240 132 2286 σου
144 2219 291 2296 εἰπόντος
301 2220 356 2285 καὶ
367 2226 536 2304 συγχωρεῖ.
558 2222 695 2286 δοκοῦσι
705 2220 769 2304 γάρ
781 2244 837 2306 μοι
848 2223 883 2287 οί
891 2215 930 2286 τοὶ
942 2224 999 2306 τῆς
1011 2217 1074 2286 πό-

69 2327 151 2396 λεως
161 2318 359 2401 πράττοντες
369 2316 459 2395 ἐκτὸς
470 2315 591 2402 ὀλίγων
601 2314 792 2385 ἀπαίδευτοι
805 2315 897 2385 είναι.

154 2421 230 2482 ΣΠ.
263 2412 344 2482 Εἶτα
355 2421 388 2482 τί
396 2413 437 2500 δὴ
447 2422 564 2496 τοῦτος

154 2521 240 2585 ΑΛ.·
260 2518 304 2580 Εί
313 2515 375 2599 μέν
392 2537 459 2581 πον
474 2506 562 2599 ἦσαν
579 2517 850 2599 πεπαιδευμένοι,
873 2516 939 2580 έδει
955 2506 998 2579 δν
1014 2509 1075 2579 τόν

70 2620 296 2702 ἐπιχειροῦντα
312 2610 424 2690 αὐτοῖς
438 2608 719 2696 ἀνταγωνίζεσθαι
733 2611 887 2698 μαθόντα
899 2614 953 2679 καί
968 2608 1073 2698 ἀσκή-

69 2735 174 2781 σαντα
185 2714 268 2780 ίέναι
282 2708 326 2789 ὡς
337 2707 384 2778 ἐπ’
397 2706 558 2795 ἀθλητάς·
571 2708 673 2778 νῦνδ
686 2707 797 2796 ἐπειδὴ
809 2711 864 2779 καί
876 2701 968 2778 οὗτοι
980 2713 1074 2778 ίδιω-

69 2822 166 2892 τικῶς
174 2817 301 2899 ἔχοντες
313 2811 518 2898 ἐληλύθασιν
527 2813 582 2879 ἐπὶ
592 2806 632 2877 τοὶ
642 2816 700 2896 τῆς
712 2811 847 2896 πόλεως,
860 2816 893 2877 τί
902 2813 954 2877 δεῖ
961 2806 1075 2877 ἆσκείν

71 2913 126 2980 καὶ
134 2909 351 2997 μανθάνοντα
362 2906 521 2996 πράγματ’
535 2913 637 2996 ἔχωνς
648 2904 710 2992 ε’γοὶ
724 2905 789 2994 γὰρ
801 2900 840 2974 εὖ
852 2905 924 2975 οίδα
933 2906 984 2974 ὅτι
994 2905 1076 2973 κου’-

71 3036 139 3078 των
149 3016 189 3098 τῇ
201 3034 238 3094 γε
249 3030 349 3096 φυτει
359 3034 450 3077 πανυ
461 3016 548 3077 πολν
559 3026 759 3094 περιεσομαι.
1092 3014 1114 3066 0

155 3115 229 3176 ΣΠ.
262 3114 384 3197 Βαβαί,
398 3104 485 3190 οἷον,
498 3092 526 3174 ό
537 3106 659 3192 ἄριστε,
670 3101 762 3171 τοῦτ’
777 3111 923 3188 εἴρηκας·
937 3097 979 3179 ὥς
989 3095 1075 3166 νἰνοίω

70 3212 141 3287 ξιον
149 3216 207 3293 τῆς
217 3210 304 3286 ίδέας
315 3207 369 3275 καὶ
379 3215 447 3273 τῶν
457 3205 568 3274 ἄλλων
580 3210 649 3271 τῶν
660 3219 713 3270 σοι
724 3197 951 3286 ὑπαρχόντων.

154 3312 224 3374 ΑΛ.
262 3313 303 3374 Τί
317 3305 457 3392 μάλιστα
474 3306 529 3372 καί
546 3301 629 3391 πρός
647 3309 682 3371 τί
694 3308 793 3369 τοῦτο
803 3303 923 3385 λέγεις,
947 3290 974 3367 οδ
995 3297 1076 3367 Στό-
1127 3384 1138 3435 ,Ι

70 3431 203 3492 κρατεςς
1110 3426 1138 3489 ·‡-÷
