2408 3780
63 207 97 260 31
400 195 731 254 ΑΛΚΙΒΙΑΔΗΣ.
1008 194 1069 258 301

65 351 225 444 βασιλέως
236 357 367 442 γενέσια
378 352 490 422 άπασα
500 353 581 421 θύει
591 355 645 422 καί
657 351 831 439 ἑορτάζειῆ
845 352 950 422 Ἀσία·
973 354 1070 441 ἡμῶν

66 457 102 524 δέ
123 455 327 540 γενομένων,
356 447 393 519 τὸ
416 459 477 520 τού
497 456 756 542 κωμῳδοποιοῦ,
779 449 853 519 οὐδ’
875 456 910 520 οί
928 458 1106 537 γείτονεςῐι

55 553 197 639 Ισφόδρα
209 551 442 634 αἰσθάνονται,
468 541 494 616 οδ
503 546 699 636 Ἀλκιβιάδη.
718 546 799 635 μετὰ
809 557 906 617 τοῦτο
918 550 1071 635 τρέφεται

66 649 84 718 ὁ
96 666 187 737 παῖς,
210 648 270 736 ούχ
281 645 347 717 ὑπὸ
358 646 517 734 γυναικός
528 655 657 734 τροφοῦ
668 640 784 732 ὀλίγον
796 645 901 731 ἀξίας,
924 644 997 715 ἀλλ’
1010 644 1069 714 ὑπ’

67 747 238 833 εὐνούχων
256 754 289 815 οἳ
304 773 348 813 αν
361 749 484 812 δοκῶσι
501 752 569 811 τῶν
582 746 656 828 περὶ
670 748 806 830 βασιλέα
823 744 952 828 ἀριστοι
970 742 1070 813 εἶναι·

68 842 117 924 οἷς
128 846 167 913 τά
178 871 213 913 τε
225 845 308 912 ἀλλα
325 846 561 927 προστέτακται
577 845 788 928 ἐπιμέλεσθαι
799 851 860 911 τοῦ
876 847 1069 929 γενομένου,

68 946 123 1011 καλ
134 941 223 1022 ὅπως
235 943 406 1019 κάλλιστος
418 946 507 1008 ἔσται
520 948 741 1027 μηχανᾶσθαι,
754 939 1021 1020 ἀναπλάττοντας
1029 938 1069 1008 τά

68 1046 148 1128 μέλη
159 1049 220 1109 τού
232 1038 348 1117 παιδός
358 1040 413 1107 καὶ
424 1048 686 1122 κατορθοῦντας·
704 1042 758 1108 καί
768 1047 872 1107 τούτο
881 1044 1025 1123 δρῶντες
1036 1043 1073 1105 ἐν

69 1139 194 1227 μεγάλη
211 1147 288 1224 τιμῆ
306 1144 397 1207 είσίν.
420 1137 556 1206 ἐπειδάν
573 1138 609 1206 δέ
625 1139 765 1216 ἑπτέτεις
781 1141 942 1223 γένωνται
952 1141 986 1206 οί
994 1151 1071 1205 παῖ·
1090 1151 1110 1201 Ε

70 1242 138 1323 δες,
161 1239 212 1306 ἐπὶ
229 1236 308 1316 τούς
324 1241 446 1315 ἵππους
462 1238 516 1304 καί
532 1237 586 1304 ἐπὶ
602 1235 680 1316 τούς
701 1235 829 1303 τούτων
852 1234 1071 1312 διδασκάλους

69 1343 222 1421 φοιτάσι,
245 1337 299 1403 καί
319 1337 371 1403 έπί
388 1333 446 1413 τὰς
461 1333 569 1420 θῆρας
585 1332 742 1420 ἄρχονται
761 1335 859 1402 ίέναι·
883 1335 932 1411 δὶς
943 1331 1022 1401 ἑπτά
1035 1335 1071 1399 δὲ

67 1433 250 1520 γενόμενον
266 1435 350 1500 ἐτοῖν
366 1431 426 1499 τόν
438 1437 538 1499 παῖδα
551 1431 870 1518 παραλαμβάνουσιν
882 1429 941 1508 οὓς
951 1433 1070 1498 ἐκείνοι

67 1540 255 1620 βασιλείους
266 1528 498 1617 παιδαγωγοὺς
510 1528 744 1614 ὀνομάζουσιν·
770 1530 831 1597 είσὶ
844 1529 879 1598 δὲ
890 1533 1072 1615 ἐξειλεγμέ-

68 1658 121 1698 νοι
131 1635 274 1715 Περσων
292 1631 325 1695 οί
340 1627 467 1712 ἀριστοι
479 1628 633 1708 δόξαντες
649 1630 686 1694 έν
698 1624 808 1715 ἡλικία
819 1632 981 1712 τέτταρες,
1004 1626 1072 1695 ὅτε

69 1729 260 1815 σοφώτατος
277 1729 332 1795 καὶ
350 1724 368 1795 ὁ
386 1727 590 1806 δικαιότατος
607 1727 661 1794 καλ
672 1724 691 1794 ὁ
703 1729 973 1812 σωφρονέστατος
985 1722 1069 1794 καὶὸ
1114 1752 1122 1769 ·

68 1827 305 1914 ἀνδρειότατος.
330 1817 378 1892 οἷν
402 1823 491 1912 ὁμὲν
511 1831 649 1912 μαγείαν
666 1850 701 1892 τε
718 1824 865 1893 διδάσκει
881 1823 942 1911 τὴν
958 1833 1073 1909 Ζωρο-
1092 1837 1122 1891 12

68 1926 194 2010 άστρου
205 1920 473 2009 τούῺρομάζου·
490 1929 558 1990 ἔστι
570 1922 605 1991 δέ
615 1930 713 1991 τούτο
724 1931 816 1990 θεῶν
831 1929 1007 2010 θεραπεία·
1021 1927 1072 1989 δι-

70 2024 184 2090 δάσκει
203 2022 238 2090 δὲ
255 2025 308 2090 καὶ
325 2019 365 2089 τά
383 2022 554 2107 βασιλικά·
577 2019 595 2090 ὁ
615 2021 650 2090 δὲ
667 2020 870 2099 δικαιότατος
891 2019 1072 2106 ἀληθεύειν

70 2120 123 2188 διὰ
135 2119 258 2199 παντὸς
274 2127 334 2188 τοῦ
350 2127 440 2207 βίου·
462 2117 480 2187 ὁ
500 2119 534 2188 δὲ
545 2120 815 2205 σωφρονέστατος
826 2115 903 2205 μηδ’
918 2114 984 2185 ὑπὸ
997 2125 1072 2204 μιᾶς

70 2219 231 2305 ἄρχεσθαι
248 2226 316 2286 τῶν
331 2217 481 2304 ἡδονάν,
501 2221 557 2285 ἵνα
574 2217 752 2300 ἐλεύθερος
769 2215 852 2285 εἶναι
862 2218 1007 2303 ἐθίζηται
1017 2217 1072 2285 καί

70 2317 174 2394 ὅντως
191 2314 361 2403 βασιλεύς,
385 2313 497 2401 ἅρχων
507 2321 641 2398 πρῶτον
658 2323 725 2382 τῶν
742 2317 778 2382 έν
796 2312 903 2400 αὐτῷ,
926 2312 1010 2382 ἀλλά
1028 2314 1072 2400 μῆ

71 2415 257 2483 δουλεύων·
281 2411 298 2482 ὁ
322 2413 357 2480 δὲ
381 2410 612 2495 ἀνδρειότατος
633 2412 765 2499 ἀφοβον
786 2416 839 2481 ναί
861 2411 941 2481 ἀδεᾶ
965 2437 1074 2496 παρα-

72 2513 237 2596 σκευάζει,
259 2509 302 2591 ὡς
313 2511 394 2579 όταν
406 2515 498 2598 δείση
510 2515 633 2578 δοῦλον
644 2511 733 2579 ὄντα.
748 2514 801 2579 σοὶ
812 2509 855 2596 δ’,
869 2503 895 2579 οδ
909 2507 1073 2596 Ἀλκιβιά-

72 2616 129 2697 δη,
157 2619 322 2696 Περικλῆς
347 2612 502 2695 ἐπέστησε
527 2607 738 2695 παιδαγωγόν
760 2616 827 2677 τῶν
855 2616 994 2679 οίκετάν
1013 2607 1109 2676 τὸνΒ

71 2705 283 2793 ἀχρειότατον
294 2705 358 2775 ὑπὸ
372 2707 492 2795 γῆρως,
506 2707 671 2795 Ζώπυρον
678 2706 738 2777 τόν
745 2715 871 2799 Θρᾷκα.
884 2713 1026 2794 διῆλθον
1037 2707 1073 2775 δὲ

70 2808 123 2874 καὶ
141 2804 203 2891 τῆν
220 2803 323 2891 ἀλλην
339 2803 383 2874 ἀν
400 2824 452 2872 σοι
469 2813 538 2874 τοῖν
552 2804 807 2892 ἀνταγωνιστῶν
821 2807 952 2895 τροφῆν
967 2833 1002 2875 τε
1018 2808 1073 2874 καὶ

71 2909 237 2989 παιδείαν,
262 2909 292 2972 εί
300 2903 344 2991 μῆ
357 2901 444 2972 πολύ
455 2907 553 2989 ἔργον
563 2897 623 2993 ῆν·
644 2903 1075 2993 καίάματαύταίκανάδη-

70 3009 174 3068 λύσαι
190 3003 244 3069 καὶ
257 2995 360 3070 τάλλα
377 2998 440 3070 ὅσα
451 3003 579 3082 τούτοις
595 3003 777 3074 ἀκόλουθα.
795 3014 852 3092 τῆς
863 3007 899 3072 δὲ
909 3010 968 3088 σῆς
979 3006 1074 3089 γενέ·
1108 3076 1112 3081 ,

70 3119 168 3184 σεως,
194 3092 220 3166 ἀ
240 3099 443 3188 Ἀλκιβιάδη,
467 3103 521 3169 καί
537 3110 663 3190 τροφῆς
680 3106 734 3171 καὶ
745 3107 911 3188 παιδείας,
931 3096 954 3187 ῆ
972 3100 1112 3170 ἀλλου·”

70 3195 213 3264 ὁτουοῦν
226 3194 429 3284 Ἀθηναίων,
443 3195 486 3277 ὡς
497 3204 574 3278 έπος
585 3207 704 3286 είπελν,
715 3197 830 3271 ούδενὶ
839 3202 939 3287 μέλει,
952 3206 982 3269 εί
990 3198 1034 3286 μῆ
1047 3206 1081 3268 εί
1091 3236 1094 3243 ·
1113 3258 1116 3263 .

70 3322 117 3373 τις
135 3295 272 3382 ἐραστῆς
289 3296 521 3384 συντυγχάνει
538 3296 595 3366 σόν.
620 3306 651 3367 εί
666 3297 696 3366 δ’
717 3291 761 3366 αὖ
778 3301 905 3379 ἐθέλοις
916 3303 962 3378 είς
971 3297 1077 3367 πλού·
1102 3294 1121 3359 -’

70 3419 147 3471 τους
159 3391 342 3482 ἀποβλέψαι
353 3396 408 3463 καὶ
419 3394 548 3482 τρυφάς
558 3401 611 3466 καὶ
623 3401 766 3485 ἐσθῆτας
777 3402 913 3485 ίματίων
923 3395 961 3465 θ’
974 3399 1077 3475 ἕλξεις
1092 3390 1116 3457 0
