2408 3780
150 138 214 202 264
520 140 803 201 ΠΛΑΤΩΝΟΣ
1110 146 1160 202 126

236 307 326 369 ΦΑΙ.
356 292 395 368 Ὦ
405 299 594 384 Σώκρατες,
607 303 728 389 ῥᾳδίως
740 295 783 366 σύ
796 305 999 383 Αἰγυπτίους
1010 302 1068 368 καὶ
1078 297 1153 367 ὁπο

152 394 311 478 δαπους
289 426 333 467 αν
343 400 461 488 εθέλης
472 400 594 484 λογους
604 413 715 479 ποιεῖς

233 504 309 565 ΣΩ.
343 502 387 565 Οί
403 495 489 565 δέ’
455 524 476 582 γ
491 548 501 581 ,
525 523 550 563 ω
540 489 658 583 φίλε,
681 500 774 585 ἐντῷ
786 521 847 564 του
833 495 945 576 Διὸς
955 521 1017 564 του
1004 501 1156 566 Δωδιω

150 604 247 664 ναίον
259 599 339 683 ἱερῷ
350 591 451 679 δρυὸς
461 593 584 678 λόγους
600 597 730 679 ἔφησαν
742 593 921 680 μαντικοὺς
937 593 1095 677 πρώτους
1105 621 1156 681 γε

149 696 277 762 νέσθαι.
303 706 370 772 τοϊς
387 718 449 778 μεν
469 683 532 758 οὖν
548 689 638 776 τότε,
661 689 719 758 ἅτε
737 689 799 759 οῦκ
817 683 894 758 οῦσι
912 705 1030 777 σοφοῖς
1048 690 1156 774 ὥσπερ

150 788 243 876 ὑμεῖς
254 794 288 858 οί
296 795 383 875 νέοι,
406 788 532 875 ἀπέχρη
550 789 651 871 δρυὸς
662 790 717 856 καὶ
727 791 847 873 πέτρας
858 786 995 856 οἷκοόειυ
1004 786 1066 855 ὑπ’
1081 784 1157 874 εόη

112 900 131 952 0
149 897 260 972 θείας,
279 894 310 957 εί
319 888 425 974 μόνον
438 886 549 973 ἀληθῆ
561 889 705 972 λέγοιεν·
722 888 775 955 σοὶ
788 886 820 955 δ’
831 896 910 966 ἴσως
921 888 1071 972 διαφέρει
1082 881 1156 964 τίςό

149 989 256 1068 λέγων
266 988 321 1053 καὶ
332 985 487 1063 ποδαπός.
503 983 617 1070 οὐγὰρ
630 987 734 1053 έκεῖνο
745 985 852 1071 μόνον
863 999 1007 1071 σκοπεῖς,
1021 993 1087 1053 εῦιε
1099 981 1155 1051 οὔ·

149 1108 212 1160 τως
227 1091 290 1150 είτε
302 1081 409 1161 όίλλως
419 1089 501 1168 ἔχεις

234 1187 325 1247 ΦΑΙ.
359 1179 485 1266 Ὀρθῶς
496 1182 690 1266 ἐπέπληξας,
713 1187 771 1249 καί
784 1207 840 1266 μοι
857 1187 950 1248 δοκεῖ
962 1183 1039 1264 περὶ
1050 1206 1152 1267 γραμ-

149 1277 263 1362 μάτων
273 1283 357 1364 ἔχειυ
367 1271 452 1365 ᾗπερ
465 1277 483 1346 ὁ
497 1286 640 1365 Θηβαῖος
650 1281 745 1364 λέγει.

232 1383 297 1444 LX.
341 1382 414 1445 Σόλ.
449 1374 587 1444 Οὐκοῦν
604 1373 622 1444 ὁ
640 1381 758 1464 τέχνην
774 1377 924 1465 οἰόμενος
941 1379 978 1444 έν
988 1377 1154 1463 γράμμασι

149 1483 355 1560 καταλιπεῖν,
379 1477 432 1540 καὶ
451 1467 495 1541 αὖ
513 1472 810 1561 ὁπαραδεχόμευος
821 1474 866 1554 όίς
876 1503 908 1542 τι
919 1475 1022 1559 σαφὲς
1033 1477 1089 1543 καὶ
1099 1480 1154 1562 βέ-

148 1580 246 1658 βαιον
257 1576 293 1640 έκ
304 1572 506 1658 γραμμάτων
517 1573 696 1659 ἐσόμενον,
709 1582 832 1661 πολλῆς
842 1569 885 1641 δν
897 1570 1053 1660 εὐηθείας
1063 1577 1153 1660 γέμοι

148 1673 260 1759 καὶτῷ
272 1669 344 1739 όυτι
355 1670 594 1757 τῆν”Αμμωνος
604 1679 762 1758 μαντείαν
772 1671 906 1759 α’γυοοί,
929 1674 1032 1741 πλέον
1044 1698 1076 1739 τι
1086 1669 1150 1739 οίό-

112 1794 133 1843 D
150 1795 249 1853 μενος
266 1767 351 1837 εἶναι
368 1769 489 1854 λόγους
505 1773 754 1857 γεγραμμένους
774 1777 835 1839 τοῦ
855 1769 917 1838 τόν
938 1769 1049 1839 Ιείδότα
1071 1767 1150 1836 ὑπο·

148 1873 271 1951 μνῆσαι
282 1868 357 1953 περὶ
368 1859 417 1934 τόν
427 1863 471 1935 όν
483 1860 505 1956 ᾗ
515 1867 555 1934 τδι
566 1872 784 1954 γεγραμμένα.

233 1972 322 2033 ΦΑΙ.
351 1963 541 2049 Ὀρθότατα.

232 2069 305 2131 ΣΩ.
339 2061 464 2131 Δειυδν
474 2065 538 2149 γοίρ
548 2088 614 2132 που
619 2114 630 2148 ,
655 2055 684 2131 ό
693 2068 833 2149 Φαῖδρε,
849 2062 939 2130 τοῦτ’
955 2069 1019 2150 ἔχει
1029 2063 1152 2151 γραφή,

147 2162 202 2227 καὶ
224 2158 268 2238 ὦς
294 2158 431 2246 ιἰληθῦς
457 2159 575 2246 ὅμοιον
597 2167 776 2251 ζωγραφίᾳ.
805 2164 859 2229 καὶ
880 2159 945 2247 γόιρ
965 2159 1006 2229 τά
1028 2165 1153 2248 ἐκείνης

146 2261 267 2342 ἔκγονα
284 2257 399 2343 ἕστηκε
417 2258 478 2343 μὲν
496 2256 539 2337 ὡς
557 2263 677 2347 ζῶντα,
703 2258 763 2329 ἐὰν
781 2257 811 2329 δ’
832 2257 934 2347 ἀνέρη
957 2287 1005 2347 τι,
1027 2268 1153 2347 σεμνῶς

146 2356 237 2422 πάνυ
248 2363 334 2446 σιγᾷ.
356 2354 479 2424 ταύτὸν
495 2355 531 2424 δὲ
547 2359 603 2425 καὶ
619 2362 654 2427 οί
667 2359 776 2446 λόγοι·
800 2358 909 2438 δόξαις
924 2358 985 2444 μὲν
1002 2353 1047 2425 όν
1065 2357 1110 2437 όός
1124 2383 1152 2424 τι

146 2463 357 2541 φρονοῦντας
367 2452 490 2535 αὐτοῦς
506 2459 631 2543 λέγειν,
653 2458 714 2526 ἐὰν
730 2461 769 2527 δέ
776 2484 808 2525 τι
818 2462 876 2544 έρη
886 2465 955 2524 τῶν
965 2461 1153 2543 λεγομένων

101 2626 131 2638 „‚
145 2554 353 2641 βουλόμενος
373 2566 512 2640 μαθεῖν,
542 2556 580 2622 ἓν
599 2582 631 2622 τι
651 2562 802 2642 σημαίνει
822 2554 930 2640 μόνον
949 2552 1075 2623 ταύτὸν
1095 2554 1152 2621 ἀεὶ.

19 2628 129 2731 'sn
146 2651 228 2720 ὅταν
239 2651 274 2719 δὲ
287 2650 374 2731 ἅπαξ
384 2661 507 2741 γραφῇ,
520 2658 721 2722 κυλινδεῖται
731 2653 791 2740 μέν
803 2660 973 2738 πανταχοῦ
983 2659 1047 2731 ποῖς
1057 2651 1154 2737 λόγος

147 2747 269 2835 ὁμοίως
279 2747 367 2832 παρὰ
378 2764 446 2829 τοῖς
462 2754 649 2838 ἐπαΐουσιν,
673 2748 716 2830 ως
733 2748 764 2818 δ’
783 2749 891 2829 αὕτως
902 2747 980 2834 παρ’
995 2745 1043 2829 οἷς
1054 2747 1154 2818 οὐδὲν

146 2845 321 2930 προσήκει,
345 2848 400 2913 καί
424 2847 486 2914 οῦκ
507 2851 674 2915 ἐπίσταται
694 2851 801 2933 λέγειν
823 2843 872 2927 οἷς
893 2853 946 2917 δεῖ
964 2851 1075 2933 γεκαὶ
1093 2846 1152 2934 μή·

146 2941 438 3030 πλημμελούμενος
449 2944 485 3011 δέ
500 2947 556 3012 καὶ
567 2943 630 3012 οὐκ
646 2948 683 3014 ἐν
695 2949 769 3033 δίκη
785 2947 994 3032 λοιδορηθεὶς
1009 2953 1072 3013 τοῦ
1089 2969 1154 3012 πα·

19 3054 22 3063 ’
61 3048 64 3053 ’
146 3040 224 3127 πρός
237 3038 288 3107 αἰεί
300 3044 401 3109 δεῖται
413 3048 561 3129 βοηθοῦ·
585 3041 684 3123 αὐτὸς
696 3043 759 3129 γὰρ
778 3042 850 3112 οὔτ’
870 3043 1065 3130 ιἰμόυασθαι
1077 3043 1153 3112 οὔτε

73 3128 86 3153 ²
154 3137 576 3235 ἱοηδῆσαιδυνατόςαδτςό.

71 3144 322 3544 ΚΑΙ.
354 3244 419 3308 Καί
431 3240 535 3308 ταῦτα
546 3261 598 3309 σοι
610 3240 778 3324 ὀρθότατα
790 3251 923 3327 εἴρηται.

1191 358 1196 465 λ
