2408 3780
459 166 694 226 ΦΙΛΗΒΟΣ.
1034 165 1076 229 53

149 334 251 397 nm.
286 324 477 413 Ὀρδότατα.

149 434 227 496 m.
253 424 297 495 Τὸ
311 424 341 494 δ’
356 422 437 512 ἐμὸν
448 427 538 510 δέος,
551 416 579 492 ἀ
588 425 784 511 Πρώταρχε,
800 421 850 492 ἀεὶ
860 426 944 510 πρὸς
954 424 993 494 τά
1004 439 1072 495 των
1090 441 1108 493 c

66 534 158 597 θεῶν
175 523 323 611 ὀνόματα
338 520 400 591 οῦκ
417 527 486 591 ἔστι
502 521 576 591 κατ’
588 521 789 610 ἄνθρωπον,
810 520 894 592 ἀλλά
912 526 996 610 πέρα
1011 535 1072 594 τοῦ

64 633 223 714 μεγίστον
234 623 361 710 φόβου.
377 624 432 691 καὶ
444 629 509 690 νῦν
518 617 580 708 τήν
590 621 652 708 μὲν
660 620 873 709 Ἀφροδίτην,
886 622 952 711 ὅπῃ
963 628 1072 714 ἐκείνῃ

64 733 182 813 φίλον,
201 721 305 810 ταῦτή
322 720 577 806 προσαγορεύω·
599 720 661 806 τήν
673 725 708 788 δὲ
724 715 851 810 Ιήδονήν
864 721 937 791 οῖδα
951 720 995 802 ὡς
1006 728 1072 791 ἔστι

64 829 235 905 ποικίλον,
257 821 313 888 καὶ
330 817 412 905 ὅπερ
429 817 541 901 εἷπον,
561 816 622 886 ἀπ’
633 822 759 907 ἐκείνης
768 819 854 908 ἡμᾶς
871 820 1073 907 ἀρχομένους

65 925 289 1008 ἐνθυμεῖσθαι
299 919 413 987 δεῖκαὶ
424 930 562 985 σκοπεῖν
571 915 689 1003 ἥντινα
701 917 806 1004 φύσιν
817 925 890 1006 ἔχει.
917 924 984 987 ἔστι
995 920 1071 1006 μάρ,

65 1019 205 1090 ἀκούειν
221 1019 283 1105 μὲν
297 1014 420 1100 οὕτως,
442 1011 660 1101 ἀπλῦςὲντι,
677 1014 810 1103 μορφάς
821 1018 856 1086 δὲ
868 1018 976 1105 δήπου
987 1042 1073 1087 παν-

64 1127 155 1199 τοίας
164 1126 279 1204 εἴληφε
289 1126 346 1185 καί
352 1141 426 1185 τινα
434 1113 747 1204 τρόπονάνομοίονς
757 1115 921 1203 ἀλλήλαις.
934 1119 982 1188 ίδδ
990 1119 1070 1205 ράρ·

65 1218 211 1307 ἥδεσθαι
221 1221 282 1305 μέν
293 1241 404 1303 φαμεν
413 1212 475 1283 τδν
485 1211 766 1283 ἀκολασταίνοντα
778 1214 978 1301 ἄνθρωπον,
991 1216 1071 1303 ήδε·
1088 1235 1109 1285 1)

64 1329 146 1387 σθαι
161 1317 197 1387 δὲ
214 1312 340 1385 καὶτὸν
352 1321 594 1401 σωφρονοῦντα
612 1313 760 1406 αῦτῷτρῖ
771 1331 975 1403 σωφρονεῖν·
992 1315 1071 1403 ήδε-

66 1429 148 1487 σθαι
165 1420 202 1485 δὲ
223 1417 278 1485 καὶ
298 1410 358 1482 τόν
379 1412 619 1499 ἀνοήταίνοντα
638 1416 694 1483 καί
715 1413 867 1502 ἀνοήτων
889 1419 997 1494 δοξῦν
1017 1417 1072 1482 καὶ

64 1522 209 1587 ἐλπίδων
225 1515 364 1603 μεστόν,
381 1511 525 1600 ἥδεσθαι
540 1511 572 1579 δ’
584 1507 629 1581 αὖ
642 1511 703 1581 τδν
720 1521 913 1601 φρονοῦντα
926 1511 1016 1598 αὐτῷ
1026 1521 1072 1602 τῷ

64 1628 221 1703 φρονεῖν·
241 1613 441 1682 καὶτούτων
460 1637 530 1679 τιιν
549 1609 683 1698 ήδονῦν
704 1613 858 1695 ἑκατέρας
879 1618 949 1688 πῶς
965 1611 1007 1677 ἀν
1024 1637 1072 1690 τις

65 1712 181 1799 ὁμοίας
202 1711 358 1799 ἀλλήλαις
379 1710 463 1780 εἶναι
480 1714 586 1796 λέγων
603 1708 665 1777 οῦκ
687 1707 827 1795 ἀνόητος
848 1715 999 1794 φαίνοιτο
1017 1712 1033 1777 ἐ
1053 1750 1072 1759 -

66 1819 185 1894 δι’κως;

148 1917 252 1978 ΠΡιΩ.
272 1913 348 1978 Em
355 1907 488 1995 μὲνγὰρ
500 1907 552 1975 ἀτί
563 1911 733 1993 ἐναντίων,
744 1898 964 1993 ἀΣιόκρατες,
976 1899 1072 1975 αὗται

66 2010 279 2096 πραγμάτων,
297 2006 339 2077 οῦ
351 2008 418 2095 μήν
430 2005 529 2075 αῦταί
535 2033 573 2093 νε
585 2006 741 2094 ἀλλήλαις
752 2010 906 2075 ἐναντίαι.
928 2013 997 2084 πῶς
1007 2008 1071 2092 μάρ

65 2108 172 2196 ἡδονή
187 2135 226 2194 με
241 2105 348 2195 ήδονή
364 2107 409 2195 μή
428 2104 489 2192 οὐχ
505 2103 702 2192 ὁμοιότατον
720 2101 764 2174 ἀν
783 2114 849 2192 εἴη,
872 2112 970 2172 τοῦτο
989 2103 1069 2172 αῦτδ
1089 2125 1109 2174 Β

66 2211 190 2298 ἑαυτῷ,
209 2208 344 2275 πάντων
358 2205 550 2292 χρήμάτωνς

150 2312 226 2375 ΣΩ.
255 2309 321 2374 Καὶ
332 2307 395 2391 γὰρ
407 2310 538 2391 χρῶμα,
556 2294 764 2389 ἀδαιμάνιε,
783 2302 931 2388 χρήματι
942 2304 1024 2370 κατά
1034 2330 1072 2388 με

66 2402 148 2473 αὐτὰ
166 2402 258 2473 τοῦτ’
271 2403 372 2472 οὐδὲν
390 2408 505 2472 διοίσει
522 2400 559 2470 τδ
572 2409 686 2487 χρῦμα
704 2400 883 2482 εἶναινῦν,
902 2401 990 2485 τόγε
1006 2401 1072 2487 μήν

65 2506 223 2592 μέλαντῷ
228 2509 337 2593 λευκῷ
344 2503 464 2582 πάντες
472 2499 700 2588 γιγνώσκομεν
709 2495 752 2577 ἀς
761 2497 900 2588 πρδςτρῦ
909 2499 1072 2585 δτάφορον

67 2601 225 2670 εἶναικαὶ
245 2601 486 2670 ἐναντιώτατον
507 2595 548 2667 δν
567 2599 737 2686 τνμχάνει·
761 2601 816 2666 καί
834 2598 947 2685 δήκαὶ
965 2607 1072 2686 σχῆμα

66 2701 205 2787 σχήματι
220 2697 304 2768 κατά
317 2695 455 2767 ταύτόν·
473 2701 561 2785 γένει
578 2701 639 2786 μέν
656 2703 724 2766 ἐστι
741 2706 808 2766 πᾶν
820 2700 873 2785 ἕν,
891 2698 931 2765 τά
943 2698 978 2767 δὲ
990 2702 1071 2785 μέρη

66 2812 133 2877 τοίς
150 2801 284 2884 μέρεσιν
300 2794 406 2864 αὐτοῦ
421 2798 461 2864 τὰ
479 2799 541 2884 μὲν
557 2799 777 2866 ἐναντιώτατα
794 2796 963 2886 ἀλλήλοις,
985 2797 1026 2866 τά
1038 2799 1073 2866 δὲ

66 2895 415 2983 διαφορότηταέχοντα
424 2903 547 2981 μνρίαν
556 2921 623 2966 που
631 2899 866 2985 τορχάνεικαὶ
875 2895 967 2967 πόλλ’
976 2900 1070 2981 ἕτερα
1088 2921 1119 2975 13

67 2994 173 3075 οὕτως
184 2992 298 3082 ἔχονθ’
313 2990 515 3082 εὑρήσομεν,
540 2994 623 3065 ὥστε
638 2997 744 3088 τούτῳ
757 3024 795 3084 με
805 3006 853 3088 τῷ
864 2997 950 3086 λόγῳ
960 2997 1004 3082 μή
1018 3003 1073 3064 πί-

68 3115 174 3180 στενε,
192 3102 240 3183 τῷ
252 3091 410 3160 πάντατά
427 3094 648 3163 ἐναντιώτατα
667 3100 704 3164 ἓν
720 3102 882 3164 ποιοῦντι.
903 3101 1072 3181 φοβοῦμαι

67 3195 118 3279 δέ,
137 3191 182 3279 μή
195 3217 288 3270 τινας
304 3188 428 3277 ήδονάς
445 3189 580 3277 ἡδοναῖς
598 3193 783 3280 εὑρήσομεν
800 3197 959 3272 ἐναντίας.

148 3298 252 3359 Hm.
272 3288 384 3370 Ἴσως·
401 3289 484 3358 ἀλλά
496 3298 530 3358 τί
537 3290 631 3359 τοῦθ’
643 3290 739 3378 ήμιῦν
750 3293 872 3379 βλάήιει
884 3290 943 3361 τδν
954 3292 1072 3385 λόγον,

149 3396 225 3459 Est.
246 3387 318 3458 “On
334 3390 592 3476 προσαγορεύεις
609 3389 693 3458 αῦτά
711 3389 854 3479 ἀνόμοια
870 3390 953 3464 ὅντα
965 3393 1083 3479 ἑτέρω,
1155 3394 1174 3451 -·;ἶ

1067 3510 1125 3560 'AE
