2408 3780
132 210 196 276 250
490 214 774 276 ΠΛΑΤΩΝΟΣ
873 192 876 196 ’
988 284 992 290 ,
1085 224 1143 291 ιιιΙ

239 370 317 460 ὄφρ’
343 369 386 442 ἀν
402 371 495 457 ὕδωρ
511 400 547 441 τε
564 373 629 462 νάη
646 377 700 442 καὶ
718 374 857 460 δένδρεα
872 373 984 462 μακρά
1002 374 1130 465 τεθήλῃ,
1153 396 1157 403 ·

238 469 344 540 αὐτοῦ
353 477 431 560 τῇδε
440 476 587 558 μένουσα
598 471 831 540 πολυκλαύτον
840 473 894 541 ἐπὶ
903 471 1053 560 τύμβου,

239 562 384 654 ἀρῆελέω
395 579 552 656 παριοῦσι
563 574 677 649 Μίδας
687 566 738 636 ότι
747 573 826 657 τῇδε
836 573 1008 638 τέθαπται.

95 677 115 727 E
134 665 186 735 ὅτι
201 666 237 734 δὲ
253 664 354 734 οὐδὲν
372 669 522 755 διαφέρει
538 665 644 736 αὐτοῦ
660 673 795 750 πρῶτον
808 662 831 753 ἢ
846 665 993 761 ὕστατόν
1004 695 1036 737 τι
1045 673 1132 757 λέγε-

132 774 229 850 σθαι,
242 767 365 843 ἐννοεῖς
376 787 460 850 που,
472 761 516 844 ἀς
526 757 659 855 ἐγῷμαι.

216 868 306 930 ΦΑΙ.
340 860 510 940 Σκοόπτεις
520 859 583 955 τόν
592 861 694 946 λόγον
703 856 814 946 ἡμῶν,
827 852 1054 945 άΣάκροιτες.

217 966 351 1029 XLVIII.
385 967 460 1028 ΣΩ.
494 967 623 1027 Τοῦτον
634 957 696 1043 μὲν
704 966 836 1044 τοίνυν,
857 961 913 1026 ἵνα
922 957 967 1045 μη
979 957 1025 1027 σά
1035 958 1133 1050 Im,
1173 1010 1176 1021 ·

130 1054 298 1141 ἐάσωμεν·
319 1062 378 1124 καί
383 1082 436 1124 τοι
448 1057 553 1142 συχνά
564 1081 602 1141 με
613 1062 699 1143 ἔχειν
709 1080 765 1142 μοι
777 1059 872 1125 δοκεῖ
878 1061 1134 1145 παραδείγματι,

131 1153 215 1237 πρὸς
226 1151 248 1218 ἀ
258 1179 306 1231 τις
315 1154 447 1239 βλέπων
459 1151 596 1222 ὀνίναιτ’
611 1153 670 1239 ἀν,
689 1163 859 1239 μιμεῖσθαι
870 1149 952 1221 αάτά
963 1156 1136 1244 ἐπιχειρῶν

133 1246 177 1336 μὴ
196 1250 286 1318 πάνυ
301 1277 347 1318 τι·
370 1256 415 1331 είς
431 1251 467 1320 δέ
478 1249 556 1330 τοδς
567 1252 698 1335 ἑτέρους
709 1251 830 1337 λόγους
842 1259 954 1336 ίοιμεν.
975 1245 1021 1338 ἦν
1030 1253 1137 1341 γάρτι

63 1357 115 1414 26⁵
133 1351 168 1415 ἐν
179 1346 300 1434 αὐτοῖς,
314 1345 359 1427 ὥς
370 1353 469 1434 δοκοῖ,
480 1355 653 1436 προσῆκον
664 1353 747 1416 ίδεϊν
757 1361 825 1427 τοίς
834 1352 1052 1436 βουλομένοις
1062 1354 1137 1437 περὶ

131 1445 242 1531 λόγων
253 1459 397 1515 σκοπεῖν.
458 1450 463 1459 ’

215 1551 305 1612 ΦΑΙ.
340 1542 385 1612 Τό
398 1544 678 1631 ποῖονδὴλέγειςς

215 1647 290 1709 Σόδ.
321 1639 477 1709 Ἐναντίοι
489 1665 555 1710 που
565 1640 685 1728 ἤστην·
702 1639 792 1728 ὁμὲν
802 1642 882 1728 γάρ,
895 1639 939 1720 ὥς
949 1649 996 1729 τρῖ
1007 1645 1136 1730 ἐραῖντι,

129 1735 149 1805 ὁ
162 1736 195 1805 δ’
208 1735 251 1816 ὡς
261 1747 307 1824 τῷ
318 1737 361 1824 μη
375 1743 426 1806 δεῖ
433 1745 639 1824 χαρίζεσθαι,
652 1743 810 1827 ἐλεγέτην.

216 1843 306 1903 ΦΑΙ.
338 1837 404 1903 Καὶ
417 1833 494 1920 μάλ’
510 1835 684 1920 ἀνδρικῶς.

214 1940 288 2001 ΣΩ.
317 1931 437 2018 Ὤιμην
451 1955 487 2000 σε
498 1930 638 2018 τάληθὲς
649 1937 745 2021 ἐρεῖν,
757 1934 808 2003 ότι
819 1940 980 2020 μανικοῖς·
992 1928 1012 2001 δ
1023 1936 1138 2020 μένποι

130 2030 282 2115 ἐζήτουν,
307 2033 395 2096 ἐστίν
417 2027 497 2096 αάτδ
519 2037 626 2096 τοῦτο.
650 2036 773 2116 μανίαν
789 2032 854 2119 γάρ
871 2058 945 2100 τινα
962 2031 1138 2120 ἐφήσαμεν

130 2127 214 2193 εἶναι
224 2128 284 2193 τόν
302 2131 415 2212 ἔρωτα.
427 2119 450 2210 ἦ
460 2126 540 2209 γάρς

215 2229 306 2291 ΦΑΙ.
337 2227 414 2290 Ναί.

214 2327 289 2390 Σόλ.
320 2326 455 2400 Μανίας
472 2323 510 2389 δέ
517 2347 556 2408 γε
574 2327 643 2409 είδη
662 2322 740 2409 δύο,
764 2321 825 2411 τὴν
835 2326 897 2411 μὲν
907 2323 972 2394 ἀπὸ
985 2327 1138 2415 νοσημά-

129 2444 198 2486 των
215 2418 457 2506 ἀνθρωπίνων,
480 2420 543 2506 την
561 2420 597 2490 δὲ
607 2419 673 2489 ὑπό
684 2427 779 2501 θείας
790 2424 969 2512 ἐξαλλαγῆς
978 2431 1049 2492 τῶν
1059 2431 1137 2494 εέω-

126 2515 242 2586 θότωυ
253 2524 403 2604 νομίμων
413 2521 622 2607 γιγνομένην.

91 2631 111 2681 Β
213 2621 304 2683 ΦΑΙ.
334 2614 434 2683 Πάνυ
445 2641 491 2700 με.

215 2718 289 2780 ΣΩ.
332 2720 398 2798 Τῆς
421 2714 457 2781 δέ
479 2719 574 2795 θείας
593 2716 760 2801 τεττάρων
780 2723 873 2784 θεῶν
892 2718 1029 2802 τέτταρα
1052 2723 1134 2804 μέρη

128 2806 327 2893 διελόμενοι,
350 2807 513 2896 μαντικὴν
523 2809 584 2896 μὲν
595 2814 769 2880 ἐπίπνοιαν
781 2811 988 2894 ’Λπόλλωνος
1004 2817 1135 2898 θέντες,

127 2904 300 2973 Διονύσου
310 2904 345 2973 δὲ
354 2908 553 2993 τελεστικην,
565 2914 717 2977 Μουσῶν
727 2906 758 2977 δ’
771 2902 815 2978 αὖ
824 2911 1006 2997 ποιητικήν,
1017 2910 1135 2997 τετάρ-

126 3028 188 3089 την
206 3001 242 3070 II
261 3001 453 3090 Ἀφροδίτης
464 3004 520 3073 καὶ
531 3001 674 3089 Ἔρωτος
696 3005 857 3093 ἐρωτικὴν
873 3014 995 3094 μανίαν
1006 3007 1135 3093 ἐφήσα-

126 3105 187 3187 μὲυ
196 3127 231 3168 τε
243 3099 381 3188 ἀρίστην
391 3099 490 3189 εἶναι,
508 3104 564 3173 καὶ
574 3099 637 3172 οάκ
650 3102 713 3173 οἶδ’
727 3105 793 3194 όπη
803 3104 841 3172 τδ
854 3103 1012 3191 ἐρωτικόν
1024 3105 1135 3183 πάθος

126 3197 367 3286 ἀπεικάζοντες,
381 3209 459 3279 ἴσως
469 3200 531 3288 μὲν
541 3199 692 3290 ἀληθοῦς
701 3200 792 3282 τινός
802 3204 1038 3289 ἐφαπτόμενοι,
1050 3201 1134 3289 τάχα

126 3295 158 3364 δ’
171 3293 215 3364 ἀν
225 3301 280 3365 καὶ
292 3296 414 3366 άλλοσε
426 3301 710 3387 παραφερόμενοι,
732 3302 930 3389 περάσαντες
947 3298 989 3368 οὐ
1006 3299 1134 3368 παντά-

6 3428 8 3433 ·
87 3416 107 3464 c
127 3414 227 3460 πασιυ
239 3393 409 3464 ἀπίθανον
419 3397 533 3483 λόγον,
544 3400 693 3485 μυθικόν
702 3427 777 3468 τινα
785 3398 895 3486 ὕμνον
905 3406 1133 3482 προσεπαίσα-
