2408 3780
123 164 164 226 28
483 163 767 222 ΠΛΑΤΩΝΟΣ

87 339 107 389 Β
121 322 300 410 Ἐφανη
257 349 332 408 γαρ.
368 322 573 390 Τοῦναντίον
590 324 628 389 δέ
636 347 674 406 γε
688 321 798 401 πάθος
807 323 875 390 ἐστὶ
884 345 921 388 το
911 317 1129 388 εἶναιτοῦτο

126 435 194 500 τοῖς
204 419 316 499 ἄλλοις
326 447 372 509 ιφ
384 421 498 504 ἕτερον
509 419 558 487 εἰν
551 446 593 486 αι
603 445 672 486 των
681 419 802 488 αλλων
839 418 938 487 Πάνυ
954 444 1000 503 γε.
1022 408 1076 486 Ηι
1092 445 1131 502 νε

126 547 194 607 μην
204 522 319 601 ετερον
325 569 335 602 ,
348 516 466 603 ὅμοιον
480 517 596 603 ἐφάνη.
626 523 704 585 Ναί.
733 508 825 584 Ηι”
803 543 868 602 αρα
884 513 1024 599 ταύτο’ν,
1048 514 1130 584 ἀνό-

125 643 221 705 μοιον
233 624 324 686 ἐσται
334 613 418 685 κατὰ
435 612 632 684 τούναντίον
649 616 759 695 πάθος
770 621 817 705 τῷ
836 613 1007 702 ὁμοιοῦντι
1017 615 1126 682 πάθει

125 716 212 803 ὠμοί
210 742 252 785 ον
197 720 302 787 ίθέ
311 740 378 783 που
390 710 426 782 τό
439 714 570 798 ἕτερον;
592 720 671 782 Ναί.
691 711 903 800 Ἀνομοιάσει
914 710 980 799 άρα
994 709 1129 796 ταύτόν,

69 877 76 886 .
123 812 385 938 ηοῦκέναντίοπ
396 816 542 901 έοταιτῷ
554 813 663 902 ε’τέρφ.
685 810 824 881 Ἔοικεν
850 808 1130 897 Ὅμοιονάραιιαὶ

88 927 107 978 c
126 911 287 1000 ἀνόμοιον
298 918 389 981 ἐσται
399 936 436 978 το
425 908 488 977 ἐν
499 923 567 988 τοῖς
578 908 705 994 ἄλλοις,
716 939 738 1000 η
726 903 841 998 μὲν”
822 935 952 995 ετερον,
967 934 1093 996 ομοιον,
1107 936 1128 996 η

126 1014 161 1080 δὲ
183 1009 323 1096 τοῦτόν,
344 1007 515 1095 άνάμοιον.
547 1005 635 1092 Ἔχει
656 1008 719 1093 γὰρ
737 1001 920 1094 οῦπθή,
896 1035 940 1086 ως
949 1012 1051 1093 ἔοικε,
1074 1011 1128 1074 καί

125 1133 279 1177 τοιοῦτον
290 1108 402 1193 λογον
436 1103 554 1174 Καὶ
516 1130 579 1190 παρ
591 1104 688 1175 τονθε
699 1115 849 1195 ἔχει
846 1116 918 1188 ί;να
935 1100 989 1175 Hc
1005 1105 1123 1175 ταῦτὸι

125 1211 291 1293 πέπονθε,
310 1233 354 1326 μη
342 1202 504 1272 άλλοῑον
514 1207 736 1291 πεπονθέναι,
752 1233 796 1292 μη
787 1204 943 1275 άλλοῖον
955 1206 990 1274 δὲ
1003 1229 1124 1274 πεπον·

125 1304 188 1385 θὸς
199 1304 243 1392 μὴ
256 1304 433 1392 άνάμοιον,
447 1305 491 1390 μη
504 1301 666 1390 ἀνόμοιον
677 1302 745 1373 (W
724 1329 843 1391 ομοιον
854 1297 988 1373 εἶναι·
964 1332 986 1392 η
999 1302 1031 1371 θ’
1045 1304 1125 1371 άλλο

123 1409 304 1487 πέπονθεν,
316 1403 461 1488 ἀλλοῖον,
473 1401 609 1472 άλλοῑον
620 1402 656 1471 δὲ
667 1397 709 1471 ὂν
720 1400 984 1488 άνόμοιονείναι.
1002 1400 1128 1488 Ἀληθῆ

123 1506 235 1588 λέγεις.
268 1499 401 1569 Τοῦτόν
410 1528 446 1570 τε
456 1501 522 1587 άρα
532 1496 574 1569 άν
585 1499 622 1569 τὸ
635 1504 673 1568 ἐν
683 1513 750 1578 τοῖς
760 1498 873 1578 ἄλλοις
883 1503 938 1568 ιιαλ
949 1499 999 1569 ὅτι
1011 1501 1127 1587 ἕτερον

122 1607 204 1684 ἐστι,
226 1597 300 1667 κατ’
319 1598 491 1687 άμφότερα
501 1601 556 1669 καὶ
565 1598 648 1669 καθ’
661 1601 835 1687 ἑκάτερον,
848 1597 966 1686 ὅμοιόν
975 1627 1010 1669 τε
1022 1596 1065 1668 άν
1075 1611 1124 1686 είη

84 1720 105 1769 n
123 1702 178 1768 καὶ
190 1698 429 1785 άνόμοιοντοῑς
439 1697 560 1776 ἄλλοις.
594 1699 693 1767 Πάνυ
710 1725 757 1784 γε.
791 1698 931 1769 Οὐκοῦν
947 1703 1003 1768 καὶ
1019 1703 1126 1790 ἑαυτῷ

122 1797 295 1881 ὡσαύτως,
318 1800 450 1880 ἐπείπερ
470 1795 585 1882 ἕτερόν
605 1824 641 1865 τε
663 1799 785 1867 ἑαυτοῦ
806 1801 862 1867 καλ
879 1795 1002 1867 ταῦτόν
1020 1801 1127 1888 ἑαυτῷ

120 1897 239 1981 ἐφάνη,
263 1892 336 1962 κατ’
356 1891 527 1981 ἀμφότερα
545 1899 600 1962 καί
617 1897 775 1979 ἑκάτερον
791 1896 911 1984 ὅμοιόν
927 1923 961 1966 τε
979 1900 1034 1965 καὶ
1045 1896 1126 1964 άνό-

119 2020 216 2081 μοιον
238 1993 436 2080 φανήσεται;
454 1990 605 2079 Ἀνάγκη.
631 2000 672 2061 Τί
681 1992 783 2080 Mn}
804 1996 950 2077 περὶτοῦ
962 1993 1127 2077 ἅπτεσθαι

122 2091 158 2160 τὰ
173 2097 209 2160 ἐν
221 2090 327 2161 αὑτοῦ
339 2096 393 2162 καί
403 2100 472 2160 νῦν
482 2090 594 2161 ἄλλοιν
604 2094 729 2161 καὶτοῦ
739 2090 785 2179 μὴ
797 2089 961 2162 ἅπτεσθαι
971 2097 1045 2181 πέρι
1056 2101 1126 2172 ποῦς

120 2197 199 2278 ἔχεις
222 2193 350 2263 σκόπει.
371 2199 506 2261 Σαοπῶ.
533 2188 624 2260 Αῦτὸ
635 2191 702 2278 γάρ
712 2216 780 2259 που
791 2194 828 2261 ἐν
840 2193 946 2284 έαπτῷ
958 2191 1026 2280 ὅλφ
1037 2190 1074 2259 τὸ
1088 2195 1126 2260 ἐν

119 2291 226 2378 ἐφάνη
238 2289 289 2361 ὅν.
307 2289 444 2379 Ὀρθῦς.
468 2288 608 2360 Οὐκοῦν
617 2292 673 2359 καὶ
683 2293 721 2358 ἐν
730 2304 798 2371 τοῖς
808 2290 920 2370 ἄλλοις
930 2288 968 2359 τὸ
980 2291 1123 2372 ἐνςΝαί.

81 2384 168 2459 οἮι
182 2395 243 2479 μὲν
253 2391 319 2477 άρπ
330 2394 368 2461 ἐν
377 2405 445 2472 τοῖς
463 2389 591 2475 ἄλλοις,
613 2398 680 2459 τοῦν
697 2388 809 2460 άλλων
826 2388 955 2460 άπτοιτ’
973 2388 1031 2459 άν·
1055 2381 1079 2478 ᾖ
1089 2389 1125 2458 δὲ

119 2488 200 2559 αῦτῦ
225 2494 261 2558 ἐν
283 2493 407 2579 ἑαυτῷ,
433 2497 502 2559 τοῖν
524 2489 585 2576 μέν
607 2486 719 2558 ἄλλων
738 2487 926 2578 ἀπείργοιτο
948 2487 1123 2573 ἅπτεσθαι,

119 2586 201 2658 αὐτὸ
214 2586 367 2658 θέαῦτοῦ
377 2586 507 2658 άπτοιτ’
520 2584 791 2677 άνένέαντηῦὸν.
824 2594 991 2658 Φαίνεται.
1026 2586 1124 2656 Οῦτω

118 2687 179 2774 μέν
191 2685 231 2774 δὴ
244 2685 371 2758 άπτοιτ’
391 2683 435 2756 άν
445 2687 482 2756 τὸ
495 2689 532 2757 ἐν
543 2684 649 2756 αῦτοῦ
658 2713 693 2756 τε
704 2689 759 2757 καὶ
768 2695 837 2757 τῦν
846 2686 968 2757 ἄλλων.
990 2685 1124 2756 ’Ἀπτοο

117 2811 164 2854 το.
201 2794 243 2856 Τί
259 2786 296 2855 θέ
312 2790 402 2874 τῇῦες
423 2778 481 2873 ἆρ’
507 2785 549 2856 οέι
572 2793 641 2855 πᾶν
661 2784 699 2855 τὸ
724 2789 847 2874 μέλλον
867 2785 1018 2869 άηεοθαί
1035 2811 1125 2867 τινος

117 2888 216 3006 έφεξῆ
218 2911 235 2964 ς
253 2890 305 2953 θεῖ
320 2895 453 2954 κεῖσθαι
470 2878 646 2976 ἐπείνφ
604 2912 646 2955 ον
663 2891 773 2975 μέλλει
794 2885 976 2972 ἅπτεσθαι,
998 2887 1124 2975 ταύτην

118 2984 179 3071 τὴν
190 2986 292 3071 ἕδραν
302 2981 473 3073 ιιατέχον“
452 3012 473 3072 η
484 2980 528 3054 άν
539 3011 598 3072 μετ
600 2978 786 3109 ’ἐπείνηνῇ
799 2978 980 3073 [έθρα],””
925 3013 947 3074 η
961 3015 1003 3058 αν
1013 2990 1123 3076 κέηται

117 3075 229 3151 *οῦ*’
206 3108 356 3164 απτεται;
374 3083 524 3172 Ἀνάγκη.
548 3088 613 3153 Καὶ
623 3111 660 3154 το
649 3083 750 3154 ἐπ”
728 3111 793 3173 αρα
808 3091 839 3154 εί
846 3089 957 3173 μέλλει
967 3084 1049 3156 αῦτό
1061 3082 1124 3154 αῦ-

117 3189 179 3250 τοῦ
195 3179 357 3269 ἅψεσθαι,
381 3186 499 3271 ἐφεξῆς
515 3181 681 3264 θεῑευθνς
690 3181 770 3270 μεθ
784 3184 881 3254 έαντο
892 3195 1023 3254 κεῖσθαι
1030 3211 1123 3307 ,την

117 3287 275 3368 ἐχομένην
285 3282 397 3368 χάραν
408 3287 548 3370 κατέχον
556 3287 700 3370 ἐκείνης,
717 3274 834 3372 ηαῦτό
845 3288 944 3353 ἐστιν.
976 3238 1043 3354 As}
1058 3285 1123 3371 γὰρ

15 3390 17 3397 “
37 3401 96 3443 149
109 3373 185 3442 νῦν,
226 3376 365 3448 Οῦκοῦν
377 3380 440 3449 θάο
453 3384 515 3468 μὲν
526 3378 568 3451 ῦν
578 3381 615 3451 τό
627 3386 664 3450 ἐν
674 3385 842 3470 ποιήσειεν
853 3379 897 3452 άν
907 3392 1010 3453 ταῦτα
1021 3385 1077 3452 καί
1087 3385 1124 3449 ἐν
