2408 3780
59 229 93 285 7⁵
451 221 679 279 ΦΑΙΔΡΟΣ.
970 197 973 211 “
1002 220 1064 283 213

142 386 220 448 ΣΩ.
248 386 407 458 Φίλτατος
419 377 512 448 εἶκαὶ
524 376 567 458 ῶς
579 377 713 465 ἀληθῶς
723 387 877 464 χρυσοῦς,
891 373 917 446 a}
929 386 1062 466 Φαῖδρε,

58 491 90 550 εἴ
109 504 150 565 με
175 488 238 546 οδει
259 480 368 563 λέγειν
386 476 429 558 ῶς
445 483 570 556 Λυσίας
586 484 648 545 τοῦ
664 476 787 557 παντὸς
802 475 986 564 ἡμάρτηκε,
1009 482 1063 547 καὶ

22 648 24 652 ,
58 573 179 648 οἷόντε
193 577 234 663 δη
245 577 334 664 παρὰ
349 578 458 646 πάντα
468 586 572 645 ταῦτα
582 574 666 645 ἄλλα
678 583 797 646 εἰπεῖν·
816 581 915 644 τοῦτο
928 576 962 644 δὲ
975 575 1064 663 οἶμαι

57 674 133 745 οὐδ’
147 671 190 744 όν
200 674 261 745 τόν
272 677 483 761 φαυλότατον
493 686 616 744 παθεῖν
628 680 830 763 συγγραφέα.
859 674 977 743 αὐτίκα
989 677 1064 760 περὶ

57 764 100 842 οὗ
117 771 135 841 ό
149 773 263 860 λόγος,
285 779 359 842 τίνα
370 783 431 843 ολει
442 778 579 860 λέγοντα
592 769 635 850 ῶς
646 772 707 860 χρὴ
719 771 762 860 μὴ
775 776 893 859 ε’ρῶντι
904 783 1030 861 μᾶλλον
1042 770 1065 859 η’

56 877 177 958 ἐρῶντι
192 877 398 959 χαρίζεσθαι,
419 874 564 959 παρέντα
580 878 640 939 τοῦ
660 874 721 958 μὲν
731 873 767 939 τδ
782 873 949 958 φρόνιμον
958 877 1064 958 ἐγκω-
1080 891 1132 946 236

56 971 198 1060 μιόζειν,
222 976 282 1042 τοῦ
302 968 337 1038 δέ
353 969 390 1037 τό
408 970 521 1056 ἄφρον
538 972 670 1056 ψέγειν,
692 969 855 1056 ἀναγκαῖα
871 977 957 1056 γοῦν
971 969 1063 1057 όντα,

56 1068 116 1140 εἶτ’
136 1067 210 1138 ἄλλ’
230 1068 311 1137 ἅττα
329 1070 414 1149 ἕξειν
426 1073 547 1154 λέγειυ;
570 1068 655 1156 ἀλλ’,
678 1069 784 1157 οἶμαι,
805 1068 845 1137 τὰ
858 1069 1064 1155 μέντοιαῦτα

57 1169 217 1238 ἐατέακαὶ
228 1168 595 1254 συγγνωστέαλέγοντι·
618 1171 751 1238 καὶτῶν
768 1169 830 1255 μέν
846 1167 1002 1236 τοιοότωι
1023 1167 1065 1235 οὐ

56 1267 120 1355 τὴν
142 1266 276 1352 εὕρεσιν
297 1265 380 1337 ἀλλὰ
399 1265 462 1354 την
484 1267 638 1337 διάθεσιν
653 1269 859 1352 ἐπαινετέον,
881 1274 948 1335 τῶν
966 1270 1002 1334 δὲ
1019 1266 1063 1352 μη

56 1367 248 1454 ἀναγκαίων
264 1392 299 1434 τε
315 1368 370 1434 καὶ
386 1373 540 1451 χαλεπῶν
557 1363 668 1451 εὑρεῖν
684 1364 767 1451 πρός
784 1372 825 1452 τῇ
840 1369 988 1432 διαθέσει
1008 1369 1064 1431 καὶ

56 1464 272 1553 τηνεόρεσιν.

141 1570 205 1631 xll.
250 1568 341 1629 ΦΑΙ.
375 1570 547 1647 Συγχωρῶ
571 1558 588 1628 δ
610 1564 729 1646 λέγεις·
762 1566 899 1646 μετρίως
920 1562 984 1644 γάρ
1007 1587 1064 1648 μοι

59 1667 166 1740 δοκεῖς
182 1663 355 1748 εἰρηκέναι.
388 1662 515 1748 ποιήσω
527 1652 590 1729 οὖν
601 1661 656 1727 καὶ
666 1657 731 1744 ἐγῶ
743 1658 862 1738 οὕτως·
885 1661 921 1727 τό
934 1660 995 1746 μὲν
1004 1660 1063 1727 τὸν

39 1765 185 1848 ’ἐρῶντα
200 1767 262 1828 τοῦ
278 1758 322 1846 μὴ
341 1763 482 1845 ἐρῶντος
498 1765 625 1845 μᾶλλον
646 1773 757 1826 νοσεῖν
774 1758 870 1826 δῶσω
881 1777 934 1825 σοι
945 1755 1062 1827 ὑποτί-
1080 1773 1100 1822 Β

57 1868 199 1947 θεσθαι,
217 1865 285 1927 τῶν
297 1861 332 1926 δὲ
344 1865 470 1926 λοιπῶν
481 1858 577 1941 έτερα
589 1865 689 1925 πλείω
700 1858 755 1925 καὶ
765 1864 918 1936 πλείονος
929 1855 1002 1937 όῖξια
1016 1864 1063 1926 εἰ·

57 1956 209 2026 τῶντῶν
221 1963 349 2025 Λυσίου
360 1953 450 2039 παρὰ
460 1953 497 2024 τὰ
509 1960 708 2035 Κυψελιδῶν
719 1954 876 2042 ἀνάθημα
889 1956 1063 2043 σφυρήλα-

56 2082 112 2136 τος
122 2060 159 2125 ἐν
168 2055 327 2144 Ὀλυμπίᾳ
340 2056 487 2142 στάθητι.

142 2160 217 2223 ΣΩ.
247 2152 484 2238 Ἐσποόδακας,
497 2147 524 2221 ῶ
536 2160 676 2240 Φαῖδρε,
688 2154 737 2223 ότι
749 2176 811 2224 σου
821 2165 888 2224 τῶν
901 2161 1063 2225 παιδικῶν

58 2253 266 2340 ἐπελαβόμην
278 2256 464 2339 ἐρεσχηλῶν
476 2270 529 2339 σε,
548 2255 602 2321 καὶ
614 2261 675 2320 ολει
686 2252 727 2338 δη’
739 2279 779 2338 με
791 2250 835 2332 ῶς
845 2251 980 2339 ἀληθῶς
992 2257 1063 2321 ἐπιΰ

57 2355 221 2442 χειρησειν
238 2359 341 2422 εἰπεῖν
358 2351 447 2439 παρὰ
465 2353 525 2438 τὴν
542 2356 672 2422 ἐκείνου
690 2359 812 2437 σοφίαν
822 2352 936 2433 ἕτερόν
946 2379 977 2419 τι
988 2376 1063 2418 ποι-

58 2455 256 2540 κιλῶτερον;

142 2558 233 2620 ΦΑΙ.
267 2554 349 2637 Περὶ
366 2549 576 2637 μὲντοότου,
600 2541 627 2616 ῶ
639 2556 729 2635 φίλε,
753 2553 798 2626 εἰς
808 2544 866 2627 τὰς
877 2545 991 2634 ὁμοίας
1002 2558 1063 2617 λα-

56 2651 118 2738 βὰς
135 2651 308 2738 ἐλήλυθας.
339 2653 457 2739 ῥητέον
473 2652 534 2738 μὲν
544 2649 609 2735 γόρ
621 2669 674 2716 σοι
684 2644 808 2725 παντός
818 2654 946 2733 μᾶλλον
956 2648 1062 2729 οὕτως
1082 2665 1100 2714 c

56 2749 149 2830 ὅπως
168 2744 237 2828 οἷός
253 2775 287 2817 τε
305 2746 340 2816 εἷ.
373 2752 428 2816 ἵνα
447 2748 482 2817 δὲ
500 2745 544 2833 μη
561 2744 598 2814 τό
622 2753 689 2814 τῶν
710 2751 882 2835 κωμῳδῶν
902 2749 1064 2836 φορτικόν

57 2845 472 2935 πρῶγμαόἰναγκαζῶμεθα
488 2858 597 2914 ποιεῖν
610 2845 886 2926 ἀνταποδιδόντες
897 2845 1063 2934 αλλήλοις,

58 2945 263 3034 εὐλαβηθητι
281 2944 395 3032 καὶμὴ
414 2945 541 3033 βούλου
558 2971 599 3031 με
620 2943 806 3031 ἀναγκάσαι
826 2947 934 3032 λέγειν
956 2949 1063 3014 ἐκεῖνο
1134 3030 1137 3035 ¹

54 3045 91 3115 τὸ
105 3052 136 3114 εἰ
146 3047 227 3132 ἐγῶ,
249 3038 276 3114 ῶ
286 3046 480 3130 Σῶκρατες,
502 3044 688 3130 Σωκράτην
698 3041 810 3130 ἀγνοῶ
816 3095 826 3128 ,
847 3046 901 3110 καὶ
918 3047 1066 3128 ἐμαυτοῦ
1110 3086 1121 3103 .-

55 3149 284 3231 ἐπιλέλησμαι,
300 3147 355 3212 καὶ
367 3143 417 3212 ότι
429 3146 589 3230 ἐπεθόμει
600 3145 661 3229 μέν
673 3146 795 3226 λέγειν,
814 3140 998 3224 έθρόπκετο
1010 3143 1061 3208 δέ’
1117 3150 1127 3173 “’

56 3241 140 3313 ἆλλδι
152 3244 347 3331 διανοήθητι
360 3242 410 3312 ότι
421 3248 580 3312 ἐντεῦθεν
591 3239 653 3308 οόκ
662 3238 799 3326 ἄπιμεν,
815 3241 894 3324 πρὶν
905 3235 948 3308 όν
960 3238 1004 3308 σὺ
1015 3250 1063 3308 εἴ·

55 3367 119 3430 wc
135 3338 156 3408 ἃ
169 3347 303 3428 ἔφησθα
315 3346 351 3409 ἐν
361 3350 408 3432 τῶ
419 3342 537 3429 στήθει
547 3346 641 3426 ἔχειν.
676 3340 775 3424 ἐσμὲν
786 3338 822 3406 δὲ
833 3340 923 3423 μόνω
936 3341 973 3406 έν
984 3341 1063 3426 ἐρη-
1077 3322 1148 3557 ⁴

53 3448 123 3532 θέᾳ,
137 3440 346 3527 ῖσλυθότερος
357 3440 393 3510 δὲ
405 3440 468 3528 ἐγῶ
479 3443 534 3510 καὶ
544 3441 718 3530 νεώτερος,
730 3441 768 3508 ἐκ
777 3437 803 3506 δ’
820 3434 981 3507 {mum
991 3437 1092 3500 τοδε-κ
