2408 3780
151 158 213 222 332
349 163 676 221 ΑΛΚΙΒΙΑΔΗΣ
695 163 963 222 ΔΕΥΤΕΡΟΣ.
1124 173 1159 227 62

100 340 121 390 Ε
153 324 207 390 καὶ
218 318 385 409 εὐδαίμων
397 317 484 406 ἀνήρ
495 319 666 405 ἐσόμενος·
685 321 857 405 κατασχόν
870 321 905 388 δὲ
915 335 1001 407 τρεῖς
1012 316 1034 407 ή
1046 328 1158 392 τέττα-

151 446 210 504 ρας
230 415 351 504 ἡμέρας
371 414 433 503 τήν
460 421 642 501 τυραννίδα
664 415 766 484 πόλιν
789 415 887 496 αύτδς
907 421 1156 506 ἐπιβουλευθεὶς

151 512 211 601 ὑφ’
225 517 346 600 ἑτέρων
355 521 457 581 τινων
468 513 686 600 ἐτελεύτησεν.
700 511 781 602 ὁρᾷς
792 513 832 601 δή
847 517 903 583 καὶ
912 524 979 585 τῶν
989 514 1158 603 ήμετέρων

50 638 53 645 ’
152 620 296 680 πολιτοδν
306 653 348 664 -
358 620 463 680 ταῦτα
470 609 537 698 γάρ
549 608 612 679 οὐκ
624 609 736 679 ἀλλων
747 609 952 699 ἀκηκόαμεν,
975 612 1048 682 ἀλλ’
1063 614 1157 685 αύτολ

85 730 134 785 142
152 709 312 797 παρόντες
323 715 460 795 οἴδαμεν
470 749 512 761 -
529 707 602 776 ὅσοι
613 715 807 793 στρατηγίας
817 711 1083 798 ἐπιθυμήσαντες
1093 713 1157 801 ήδη

153 811 208 875 καὶ
225 808 380 894 τυχόντες
395 806 496 892 αύτής
513 809 546 873 οί
560 804 622 892 μέν
632 810 679 872 ἐτι
690 808 743 873 καλ
755 813 820 874 νῦν
832 809 979 892 φνγάδες
991 815 1090 895 τῆσδε
1101 818 1158 898 τῆς

153 905 279 984 πόλεως
296 911 396 990 είσιν,
419 908 453 972 οἱ
467 903 503 971 δὲ
517 901 577 971 τόν
594 909 670 990 βίον
687 904 915 990 ἐτελεύτησαν·
938 911 972 973 oc
987 907 1022 974 δέ
1040 905 1157 991 ἄριστα

153 1009 331 1080 δοκοῦντες
347 999 460 1069 αὐτῶν
477 999 632 1087 πράττειν
644 998 697 1068 διά
709 1008 843 1069 πολλῶν
853 1004 1023 1071 κινδύνων
1034 1006 1157 1072 ἐλθόν-

149 1126 202 1179 τες
213 1102 267 1168 καὶ
279 1101 396 1188 φόβων
407 1098 448 1167 ού
458 1101 565 1185 μόνον
577 1101 614 1166 ἐν
622 1098 726 1188 ταύτῃ
737 1107 778 1189 τῇ
790 1109 982 1189 στρατηγίᾳ,
1000 1100 1074 1170 ἀλλ’
1088 1105 1155 1171 ἐπεὶ

152 1202 197 1275 είς
208 1197 269 1284 τήν
280 1200 408 1265 ἑαυτῶν
419 1205 605 1283 κατῆλθον,
629 1195 694 1264 ύπὸ
707 1206 774 1266 τεόν
787 1206 1009 1285 συκοφαντῶν
1020 1208 1156 1284 πολιορ-

151 1297 307 1384 κούμευοι
318 1301 512 1382 πολιορκίαν
524 1293 623 1362 οὐδέν
632 1295 754 1364 έλάττω
765 1304 823 1382 τής
833 1293 898 1364 ὑπὸ
910 1306 978 1365 τῶν
989 1306 1156 1383 πολεμίων

151 1401 351 1482 διετέλεσαν,
375 1395 458 1464 όίστε
475 1399 583 1475 ένίους
600 1393 711 1463 αὐτῶν
723 1395 880 1481 εὔχεσθαι
891 1393 1154 1483 ἀστρατηγήτους

112 1510 133 1560 Β
152 1494 236 1563 εἶναι
254 1504 381 1582 μᾶλλον
397 1491 420 1581 ή
437 1497 720 1582 ἐστρατηγηκέναι.
743 1500 772 1561 εί
788 1493 849 1578 μέν
861 1486 925 1561 ούν
940 1488 1027 1580 ἦσαν
1039 1499 1073 1562 οί
1081 1502 1156 1562 κίν-

152 1599 250 1662 δυνοί
265 1620 299 1661 τε
313 1596 368 1664 καὶ
380 1595 479 1662 πόνοι
496 1597 653 1678 φέροντες
665 1597 710 1671 είς
728 1589 906 1677 ἀφέλειαν,
930 1591 1015 1678 εἶχεν
1026 1591 1070 1659 ἀν
1082 1619 1155 1659 τινα

150 1691 269 1776 λόγον·
293 1698 359 1758 νῦν
370 1692 405 1759 δὲ
415 1693 470 1758 καὶ
481 1691 569 1758 πολὺ
578 1688 783 1758 τούναντίου.
808 1687 958 1776 εὑρήσεις
969 1692 1004 1758 δὲ
1015 1693 1156 1774 καὶπερὶ

149 1793 276 1857 τέκνων
284 1787 344 1857 τόν
354 1786 458 1856 αὐτόν
471 1787 607 1871 τρόπον,
620 1785 819 1875 εὐξαμένους
827 1785 988 1874 τινάςήδη
997 1791 1153 1873 γενέσθαι

149 1890 203 1954 καί
223 1891 414 1974 γενομένων
432 1891 478 1964 είς
494 1884 664 1972 ξυμφοράς
680 1911 715 1953 τε
732 1886 787 1953 καὶ
804 1887 911 1964 λύπας
927 1883 986 1965 τοὶς
1002 1893 1156 1972 μεγίστας

149 1985 379 2063 καταστάντας.
400 1987 433 2052 οί
442 1981 578 2070 μὲνγὰρ
589 1991 770 2070 μοχθηρῶν
781 1981 834 2050 διδ
845 1990 958 2061 τέλους
969 1981 1079 2051 όντων
1088 1991 1156 2051 τῶν

148 2082 274 2149 τέκνων
285 2081 365 2149 ὅλον
375 2077 436 2150 τόν
446 2088 521 2167 βίον
533 2084 735 2166 λυπούμενοι
748 2081 923 2166 διήγαγον·
935 2078 1014 2160 τούς
1028 2082 1064 2149 δέ
1074 2107 1157 2167 χρη-

115 2186 240 2248 οστῶν
262 2179 323 2264 μὲν
342 2182 551 2265 γενομένων,
574 2191 761 2264 συμφοραῖς
778 2177 814 2247 δέ
834 2180 1050 2265 χρησαμένων
1073 2177 1156 2246 ὥστε

149 2285 369 2363 στερηθῆναι,
391 2277 446 2343 καὶ
463 2273 602 2355 τούτους
619 2273 718 2343 οὐδέν
735 2281 781 2353 είς
791 2276 968 2356 ἐλάττονας
979 2280 1156 2362 δυστυχίας

147 2374 393 2462 καθεστηκότας
413 2371 498 2461 ήπερ
520 2375 681 2458 ἐκείνους,
705 2376 930 2460 βουλομένους
950 2369 993 2441 ἀν
1013 2373 1155 2461 ἀγένητα

148 2479 276 2557 μᾶλλον
286 2470 370 2539 εἶναι
381 2466 404 2557 ή
415 2474 579 2556 γενέσθαι.
593 2469 667 2540 ἀλλ’
682 2468 772 2557 ὅμως
782 2471 911 2539 τούτων
922 2496 957 2539 τε
967 2472 1022 2540 καλ
1032 2472 1155 2556 ἐτέρων

147 2576 281 2638 πολλῶν
303 2566 533 2655 ὁμοιοτρόπων
553 2569 683 2648 τούτοις
699 2568 787 2637 οὕτω
807 2569 938 2656 σφόδρα
958 2571 1155 2657 καταδήλων

148 2669 273 2754 όντων,
297 2670 439 2739 σπόνιον
456 2667 567 2755 εὑρεῖν
582 2668 671 2748 ὅστις
687 2665 764 2757 ἀυή
781 2672 965 2757 διδομένων
975 2669 1153 2758 ἀπόσχοιτο

147 2763 169 2853 ή
185 2768 315 2852 μέλλων
332 2764 376 2834 δι’
395 2763 493 2854 εὐχῆς
503 2767 678 2848 τεύξεσθαι
689 2770 851 2838 παύσαιτο
863 2765 906 2838 ἀν
917 2767 1111 2858 εὐχόμενος·
1123 2774 1157 2840 ολ

148 2863 184 2933 δέ
199 2866 315 2933 πολλοὶ
332 2863 409 2933 ούτε
426 2860 470 2932 ἀν
489 2870 686 2951 τυραννίδος
703 2871 874 2954 διδομένης
895 2865 1094 2954 ἀπόσχοιντο
1112 2863 1155 2937 ἀν

107 2984 130 3034 Ι)
150 2960 227 3030 οὔτε
239 2969 433 3048 στρατηγίας
443 2960 520 3032 οὐδ’
532 2965 652 3049 ἐτέρων
662 2972 812 3051 πολλόν,
824 2959 845 3033 ἀ
857 2964 1005 3050 παρόντα
1015 2967 1156 3052 βλάπτει

147 3055 307 3146 μᾶλλουή
320 3058 455 3147 ἀφελεῖ,
477 3058 561 3130 ἀλλά
573 3055 799 3143 κάνεύξαιντο
811 3060 854 3131 ἀν
868 3065 1042 3152 γενέσθαι,
1066 3074 1155 3154 είτῳ

146 3156 190 3243 μή
210 3157 358 3242 παρόντα
375 3160 546 3244 τνγχάνει·
568 3157 683 3246 ὀλίγον
695 3162 732 3230 δὲ
742 3161 931 3247 ἐπισχόντες
940 3166 1045 3231 ἐνίοτε
1057 3171 1156 3232 παλι-

146 3259 332 3343 υωδοῦσιν,
344 3255 562 3344 ἀνευχόμευοι
573 3254 643 3326 ἅττ’
655 3253 699 3326 ἀν
708 3256 745 3327 τδ
758 3267 893 3342 πρῶτον
905 3258 1074 3340 εὔξωνται.
1088 3260 1155 3345 ἐγω

132 3353 206 3431 μὲν
220 3345 289 3420 νύν
303 3351 437 3442 ἀποροῖ,
457 3354 503 3443 μή
522 3353 566 3435 ὥς
584 3353 720 3443 ἀληθοῦς
735 3356 844 3444 μάτην
857 3354 961 3437 θεούς
977 3357 1157 3441 ἀνθρωττοι
