2408 3780
453 164 691 225 ΦΙΛΗΒΟΣ.
1011 166 1072 229 103

153 328 253 391 nm.
284 325 399 409 Λέγεις
410 325 447 391 δὲ
459 319 581 401 αύτούς
591 329 699 406 τίναςς

151 425 225 490 ΣΩ.
260 423 324 489 Καὶ
341 421 430 507 μάλα
448 419 580 499 δεινοὺς
597 427 794 508 λεγομένους
812 422 852 491 τὰ
870 428 943 511 περὶ
956 427 1072 511 φύσιν,

73 517 145 588 οΐτδ
159 517 317 604 καρύκαν
327 515 453 605 ἡδονὰς
465 517 508 587 ού
520 541 624 604 φασιν
635 519 728 590 εἶναι.

150 638 251 701 ΠΡέδ.
286 638 327 698 Τί
335 629 419 717 μήνη

150 749 226 813 ΣΩ.
256 750 384 812 Λυιιῦν
400 743 522 825 ταύτας
538 743 622 814 εἶναι
640 744 943 835 κύσαςύιτοφυγύς,
956 746 994 828 ῦς
1005 755 1070 818 νῦν
1090 753 1110 806 ⁰

71 846 104 912 σί
111 845 184 927 περὶ
196 848 344 930 Φίληβον
354 840 478 928 ἡδονὰς
490 844 759 932 ἐπονομάζουσιν.

149 960 252 1022 nm.
283 953 421 1035 Τούτοις
432 947 496 1023 οῦν
507 952 591 1043 ἡμᾶς
601 957 724 1041 κότερα
735 966 913 1028 πείθεσθαι
925 965 1073 1047 ξυμβου-

70 1053 191 1140 λεύεις,
202 1049 224 1141 ἢ
235 1061 321 1141 πῶς,
335 1045 363 1123 ύ
373 1054 567 1140 Σύκρατεςς

149 1178 224 1241 ΣΩ.
258 1168 348 1261 Ούκ,
371 1168 445 1241 ἀλλ’
466 1171 576 1259 ύστιερ
594 1173 730 1260 μάντεσι
748 1179 982 1262 κροσχρῆσθαί
994 1195 1070 1261 τισι,

70 1277 325 1358 μαντευομένοις
343 1269 384 1341 ού
400 1275 497 1360 τέχνῃ
510 1269 592 1340 ἄλλοί
602 1300 667 1341 τινι
679 1278 851 1363 δυσχερείᾳ
863 1274 995 1360 φύσεως
1009 1272 1071 1342 οῦκ
1153 1310 1156 1314 ·

66 1369 243 1458 ἀγεννοῦς,
255 1377 329 1440 λίαν
341 1372 572 1459 μεμισηκότων
583 1371 644 1458 την
654 1380 712 1459 τῆς
724 1370 849 1461 ἡδονῆς
863 1374 1006 1460 δύναμιν
1017 1377 1072 1441 καὶ

66 1469 291 1555 νενομικότων
308 1467 408 1539 οὐδέν
426 1467 530 1556 ὑγιές,
555 1467 637 1537 ὥστε
655 1472 708 1538 καλ
719 1469 800 1539 αύτδ
811 1478 909 1539 τοῦτο
923 1469 1070 1558 αύτῆςτδ

67 1565 240 1653 ἐπαγωγὸν
251 1567 434 1655 γοήτευμα,
458 1565 656 1656 οῦχὴδονὴν
668 1567 760 1637 εἶναι.
793 1570 922 1649 τούτοις
933 1569 993 1656 μέν
1006 1565 1070 1637 οὖν
1088 1580 1110 1629 Ι)

67 1679 169 1738 ταῦτα
186 1665 231 1738 δέν
248 1669 487 1756 κροσχρήσαιο,
511 1668 716 1754 σκεψάμενος
733 1673 779 1735 ἔτι
797 1671 849 1736 καὶ
861 1666 900 1735 τὰ
912 1666 995 1736 ἄλλα
1008 1666 1072 1734 αύ-

68 1776 133 1836 τοῖν
157 1768 424 1854 δυσχερύσματα·
445 1767 527 1854 μετὰ
550 1765 705 1835 δὲταῦτα
722 1769 760 1832 αἴ
776 1771 815 1850 γέ
834 1793 891 1853 μοι
912 1772 1071 1834 δοκοῦσιν

67 1863 182 1952 ἡδοναὶ
199 1863 335 1954 ἀληθείς
353 1865 452 1953 εἶναι,
476 1864 605 1947 ττεύσει,
626 1868 681 1932 ἵνα
693 1866 725 1944 ἐξ
737 1861 944 1951 ύμφοῑντοῑν
955 1865 1070 1952 λόγοιν

67 1964 268 2051 σκεψάμενοι
289 1963 350 2052 τὴν
370 1965 514 2051 δύναμιν
536 1962 637 2051 αὐτῆς
658 1962 890 2051 καραδύμεθα
908 1963 991 2052 πρὸς
1009 1966 1071 2051 την

58 2070 184 2153 Ικρίσιν.

148 2165 249 2228 nm.
281 2156 407 2246 Ὀρθῶς
417 2161 528 2246 λέγεις.

148 2278 224 2341 Σέλ.
248 2273 519 2359 Μεταδιύκωμευ
531 2272 570 2360 δὴ
583 2273 731 2358 τούτους,
746 2271 857 2358 ὥσπερ
869 2275 1068 2359 ξυμμάχους,

69 2370 150 2440 κατὰ
169 2369 207 2439 τὸ
224 2379 281 2458 τῆς
299 2376 488 2457 δυσχερείας
505 2370 615 2440 αὐτῶν
626 2381 726 2456 ίχνος.
764 2370 853 2456 οἶμαι
863 2371 928 2455 γὰρ
940 2372 1071 2438 τοιόνδε

66 2498 95 2539 τι
107 2473 215 2556 λέγειν
227 2468 366 2558 αύτούς,
390 2470 592 2558 ύρχομένους
603 2470 711 2538 ποθὲν
722 2468 873 2553 ἄνωθεν,
893 2465 936 2548 ὡς
947 2476 977 2537 εί
985 2477 1070 2557 βου-

67 2578 227 2656 ληθεῖμεν
245 2564 389 2636 ὁτουοῦν
406 2574 514 2648 είδους
531 2566 592 2656 την
609 2569 713 2654 φύσιν
730 2571 830 2652 ίδεῑν,
854 2563 925 2637 οἷον
937 2566 998 2656 την
1009 2576 1070 2636 τοῦ
1090 2581 1112 2630 εὶ

65 2675 223 2754 σκληροῦ,
236 2667 377 2753 κότερον
390 2674 435 2746 είς
446 2666 484 2736 τδι
498 2668 701 2753 σκληρότατα
711 2665 954 2756 ύκοβλέποντες
963 2666 1070 2746 οὕτως

64 2761 106 2834 ἄν
116 2774 246 2852 μᾶλλον
255 2767 500 2854 συννοήσαιμεν
509 2762 531 2854 ἦ
541 2765 623 2851 πρὸς
631 2765 670 2834 τὰ
680 2763 846 2835 κολλοστῦ
857 2766 1070 2852 σκληρύτητι;

65 2864 166 2950 δείδη
178 2884 233 2948 σε,
261 2855 496 2951 ύΠρούταρχε,
520 2865 673 2949 καθάπερ
685 2868 774 2952 ἐμοί,
796 2867 850 2933 καὶ
861 2865 990 2943 τούτοις
1001 2876 1070 2940 τοῖς
1169 2926 1171 2943 2

66 2963 259 3046 δυσχερέσιν
271 2958 520 3048 ἀποκρίνεσθαι.

148 3079 249 3141 ΠΡΩ.
283 3072 381 3140 Πύνυ
398 3074 458 3159 μέν
476 3067 555 3161 οῦν,
579 3077 634 3143 καὶ
651 3078 735 3160 λέγω
752 3101 789 3159 γε
801 3074 912 3151 αύτοίς
924 3070 974 3139 ὅτι
985 3069 1070 3157 κρδς

65 3167 103 3237 τῦ
116 3179 230 3254 πρῶτα
241 3173 385 3257 μεγέθει.

150 3288 224 3351 ΣΩ.
261 3280 400 3353 Ούκοῦν
415 3290 447 3352 εί
461 3286 516 3352 καὶ
534 3282 571 3352 τδ
588 3292 645 3370 τῆς
661 3281 783 3370 ἡδονῆς
799 3284 896 3368 γένος
913 3278 1063 3367 ίδείνῆν-

65 3382 140 3450 τινιί
151 3407 230 3451 ποτε
241 3386 305 3468 έχει
317 3382 422 3468 φῦσιν
433 3389 672 3470 βουληθεῖμεν,
684 3378 746 3448 ούκ
759 3386 804 3460 είς
815 3378 873 3460 τὰς
883 3378 1069 3458 κολλοστδις
