2408 3780
386 183 738 243 ΠΑΡΜΕΝΙΔΗΣ.
1025 184 1062 246 21

54 348 140 427 ἔστι,
164 346 201 408 τί
220 340 431 429 συμβήσεται.
454 342 571 410 σκόπει
587 336 700 427 οάν,ε
685 340 820 411 ίονκ
800 370 929 431 αναγκη
941 372 1065 432 ταυτην

54 465 116 525 την
138 434 306 507 ὑπόθεσιν
328 448 483 508 τοιοῦτον
505 434 546 507 ἀν
563 465 600 508 το
589 438 656 507 ἓν
674 449 863 527 σημαίνειν,
889 437 962 509 οἷον
982 444 1065 565 μίρη

53 541 156 621 ἔχειν,
173 542 269 616 11693
283 528 370 607 aas
389 535 465 606 εἰτό
478 544 547 607 ἔστι
557 563 618 605 τον
605 536 735 618 ἑνος
715 565 811 619 οντος
821 543 949 624 λιγεται
959 541 1058 609 καὶ
1024 567 1061 610 το
1081 556 1102 604 1)

55 638 91 702 ἓν
101 642 166 702 τοῦ
177 632 275 713 ὄντος
286 635 375 721 ἑνός,
387 641 456 704 ἔστι
466 632 553 705 δὲ’
514 662 555 704 ον
567 635 605 704 τὸ
614 634 697 704 αάτὸ
710 634 733 724 ἥ
745 663 780 705 τε
791 636 890 706 οὐσία
900 638 1000 706 καὶ
968 666 1004 705 το
1017 640 1064 717 ἕν,

55 740 115 801 τοῦ
126 731 236 801 αὐτοῦ
247 734 284 801 δὲ
294 736 437 819 ἐκείνου,
448 760 490 801 ον
478 726 709 821 ὑπεθέμεθα,
723 744 786 802 τοῦ
797 733 871 814 ἑνὸς
882 730 1022 821 ὄντος,
1001 764 1065 821 αρα

57 828 117 898 οάκ
135 828 268 917 ἀνάγκη
284 829 322 900 τά
340 831 402 918 μὲν
419 832 500 900 ὅλον
512 836 549 900 ἓν
560 827 602 900 ἀν
613 830 698 899 εἶναι
708 831 807 915 αὐτό,
830 833 952 902 τούτου
965 838 1001 902 δὲ
1013 843 1065 919 γί-

58 937 200 1012 γνεσθαι
212 929 311 1015 μόρια
327 930 367 997 τό
381 955 417 997 τε
434 932 536 998 ἓνκαὶ
547 928 584 998 τὸ
597 928 696 1009 είναις
718 930 868 1018 Ἀνάγκη.
912 933 1065 1016 Πότερον

57 1019 116 1094 οάν
136 1026 298 1113 ἑκάτερον
314 1034 384 1095 τάν
399 1034 527 1115 μορίων
542 1027 672 1096 τούτων
688 1028 807 1115 μόριον
824 1030 930 1117 μόνον
941 1049 1063 1113 προσε-

58 1131 193 1211 ροῦμεν,
205 1118 301 1209 ἦτοῦ
310 1123 393 1193 ὅλον
404 1124 524 1212 μόριον
534 1125 572 1193 τό
581 1152 619 1211 γι
629 1127 751 1212 μόριον
757 1128 979 1213 ιτροσρητίοντ
995 1136 1064 1195 Τοῦ

57 1220 146 1291 ὅλου.
190 1224 258 1290 Καὶ
273 1220 355 1291 ὅλον
371 1220 438 1307 ἀρα
454 1228 559 1310 ἐστίν,
581 1221 601 1291 6
618 1220 661 1292 ἀν
677 1227 715 1291 ἓν
730 1217 768 1313 ᾗ,
791 1228 846 1293 καὶ
857 1226 979 1312 μόριον
989 1232 1062 1313 ἔχει.

59 1320 155 1388 Πάνυ
163 1345 213 1406 γε.
251 1327 294 1387 Τί
302 1314 381 1402 οάν;
391 1329 461 1390 τῶν
471 1328 598 1408 μορίων
609 1322 767 1407 ἑκάτερον
777 1324 906 1391 τούτων
917 1332 979 1392 τοῦ
990 1324 1064 1403 ἑνὸς

58 1416 168 1504 ὄντος,
192 1418 278 1487 τότε
289 1423 328 1487 ἓν
338 1422 395 1489 καί
405 1420 443 1489 τά
456 1419 513 1505 ἀν,
537 1414 601 1504 ἀρα
613 1419 860 1490 ἀπολείπεσθον
870 1417 892 1508 ἢ
902 1419 939 1489 τὸ
953 1424 1062 1489 ἓντοῦ
1079 1441 1100 1489 Ε

59 1514 138 1585 εἶναι
148 1511 303 1603 μόριονῆ
315 1517 351 1585 τὰ
364 1516 406 1586 ὂν
415 1525 478 1585 τοῦ
494 1517 569 1598 ἑνὸς
586 1524 721 1605 μορίον;
746 1518 819 1587 Οάκ
835 1515 878 1587 ἀν
897 1529 956 1606 ελη.
990 1521 1064 1586 Πά-

61 1612 187 1697 λινάρα
198 1616 333 1683 καὶτῶν
348 1622 475 1701 μορίαν
489 1616 644 1702 ἑκάτερον
654 1616 692 1685 τό
709 1643 743 1684 τε
755 1620 793 1684 ἓν
804 1627 886 1701 ἴσχει
896 1619 951 1685 καλ
961 1611 998 1683 τό
1010 1618 1061 1702 ὅν,

59 1714 109 1782 καὶ
124 1719 276 1799 γίγνεται
293 1713 331 1781 τά
348 1714 519 1800 ἐλάχιστον
529 1718 565 1783 ἐκ
578 1719 675 1783 δυοῖν
685 1707 730 1782 αά
741 1722 872 1801 μορίοιν
882 1714 919 1782 τὸ
931 1715 1061 1801 μόριον,

10 1810 13 1828 '
59 1813 108 1879 καὶ
122 1812 207 1879 κατά
223 1808 285 1879 τάν
295 1808 400 1880 αὐτὸν
413 1812 518 1898 λόγον
529 1811 635 1891 οὕτως
651 1810 717 1899 ἀεί,
741 1810 806 1881 ὅιί
814 1837 876 1895 περ
887 1808 930 1881 ἀν
942 1813 1063 1900 μόριον

58 1911 199 1995 γένηται,
210 1909 320 1977 τοάτω
331 1907 377 1977 τά
388 1917 494 1996 μορίω
506 1908 557 1979 ἀεὶ
572 1920 669 1995 ίσχει·
689 1911 729 1979 τό
739 1937 774 1978 τε
785 1909 849 1996 γάρ
862 1914 900 1978 ἓν
909 1910 946 1978 τὸ
960 1906 1001 1978 ἀν
1012 1909 1062 1979 ἀεὶ

59 2014 136 2093 λσηει
157 2006 269 2075 καὶτὰ
286 2002 383 2076 ἀντό
402 2009 454 2075 ἕν·
479 2006 562 2076 ὥστε
580 2008 709 2094 ἀνάγκη
727 2006 781 2077 66'
801 2007 852 2077 ἀεὶ
861 2010 1062 2096 γιγνόμενον
1082 2024 1131 2078 143

59 2102 371 2191 μηδίκοτεὲνιίναι.
392 2107 591 2175 Παντάπασι
602 2108 664 2192 μὲν
675 2100 747 2176 οὖν.
773 2104 1062 2194 Οάκοῦνάτιειρον

58 2197 95 2268 ἀν
104 2199 144 2271 τὸ
157 2208 291 2288 πλῆθος
300 2200 389 2271 οὕτω
400 2202 437 2272 τό
450 2208 487 2272 ἓν
500 2202 542 2272 ἀν
553 2215 602 2291 εἴη
611 2203 769 2286 (anm.
790 2205 857 2273 Ἴθι
868 2205 908 2292 δὴ
921 2209 975 2274 καλ
985 2211 1063 2294 τῇδε

12 2384 15 2389 Ι
57 2306 108 2369 ἔτι.
151 2307 223 2388 Πῇς
250 2299 375 2382 Οάσίας
385 2305 497 2390 φαμὲν
506 2308 651 2389 μετέχειν
661 2302 697 2372 τὰ
715 2306 768 2389 ἕν,
792 2303 843 2372 διὸ
856 2309 961 2383 ἔστιν;
983 2310 1059 2372 Ναί.

12 2398 15 2477 f
56 2401 116 2468 Καί
127 2399 184 2467 διά
195 2405 300 2467 ταῦτα
311 2397 352 2486 δὴ
363 2397 400 2468 τό
416 2404 455 2469 ἓν
466 2396 507 2469 ἀν
518 2400 624 2470 πολλοὶ
641 2402 759 2487 ἐφάνη.
794 2401 918 2479 Οὕτως.
959 2408 1000 2469 Τί
1009 2404 1047 2469 δέ
1051 2431 1059 2479 ;

13 2540 15 2545 ,
58 2494 135 2565 αάτό
145 2494 186 2564 τά
199 2498 254 2583 ἓν,
266 2493 287 2565 6
297 2496 339 2583 δή
350 2524 462 2585 φαμεν
471 2496 586 2577 οὐσίας
597 2501 758 2585 μετέχειν,
770 2496 831 2566 ίάν
842 2497 922 2568 αὐτὸ
935 2506 975 2588 τῇ
988 2504 1061 2567 δια-

13 2656 16 2661 .
57 2600 127 2684 νοίγ
144 2592 255 2681 μόνον
271 2592 352 2663 καθ’
372 2593 455 2663 αὐτὸ
473 2596 630 2683 λάβωμεν
645 2596 728 2664 ἀνευ
745 2597 866 2664 τούτου
888 2590 930 2665 06
950 2598 1062 2683 φαμὲν

56 2699 210 2779 μετέχειν,
222 2685 288 2780 άρά
299 2719 338 2779 γε
349 2696 388 2762 ἓν
398 2695 506 2781 μόνον
517 2689 732 2782 φανήσεταιῆ
743 2696 798 2761 καὶ
810 2692 915 2762 τιολλά
927 2692 963 2763 τὸ
977 2693 1059 2762 αὐτὸ

55 2796 167 2871 τοῦτο;
182 2786 260 2873 Ἕν,
271 2788 362 2877 οἶμοι
377 2796 489 2877 ἔγωγε.
511 2790 653 2879 Ἴδωμον
664 2788 720 2877 δή·
740 2790 822 2860 ἀλλο
833 2816 864 2858 τι
875 2793 990 2874 ἕτερον
1000 2790 1062 2877 μὲν
1079 2806 1099 2856 Β

12 2900 15 2969 g
55 2887 182 2975 ἀνάγκη
197 2884 262 2973 τὴν
277 2886 396 2957 οάσίαν
408 2886 515 2958 αὐτοῦ
532 2889 633 2975 εἶναι,
654 2890 769 2975 ἕτερον
792 2889 828 2958 δὲ
850 2885 946 2965 αὐτό;
969 2897 1060 2972 είτιιρ

11 3006 15 3061 ι
54 2984 91 3073 μὴ
109 2982 214 3054 οάσία
231 3010 270 3054 το
258 2982 342 3072 ἓν,
365 2984 439 3057 ἀλλ’
459 2985 503 3067 ὡς
520 2991 557 3056 ἓν
574 2986 689 3068 οάσίας
703 2993 866 3074 μετέσχεν
908 2985 1058 3069 Ἀνάγκη.

11 3068 15 3113 ²
54 3079 460 3172 θάκοῦνιίὲτερονμὲνὴ
473 3083 587 3173 οάσία,
610 3086 724 3173 ἕτερον
742 3085 830 3154 δὲ
794 3112 832 3154 το
850 3087 904 3170 ἕν,
926 3083 1003 3150 οὔτε
1014 3089 1060 3170 τηῖ

10 3170 17 3235 Ῐ
54 3178 142 3251 ἓντά
160 3184 201 3250 ἓν
220 3187 280 3269 τῆς
296 3179 412 3263 οάσίας
430 3184 607 3271 ἔτιρον”
563 3209 641 3252 οντε
657 3193 704 3273 τῷ
722 3182 820 3253 οὐσία
837 3179 951 3268 είναιὴ
963 3178 1060 3249 οάσία

11 3304 106 3348 ιον
93 3277 198 3360 ’ἑνάς
208 3277 303 3363 ἀλλο,
314 3275 399 3349 ἀλλά
410 3307 456 3371 τρι
444 3283 568 3372 ἑτέρω
578 3308 614 3350 τε
624 3284 679 3351 καὶ
689 3281 809 3371 ἀλλῳ“
790 3305 885 3369 ετιρα
896 3277 1059 3367 ἀλλήλων.

11 3408 15 3473 !
53 3376 147 3447 Πάνν
162 3369 289 3465 μὲν
244 3404 319 3445 ονν.
355 3376 455 3446 Ὥστε
471 3377 513 3447 06
532 3378 656 3448 ταύτόν
674 3351 812 3448 ἐστιν’
777 3378 909 3469 οάτετῳ
899 3373 1061 3446 ’ἑνὶοῧτε

10 3458 17 3653 ,λ
