2408 3780
483 158 712 211 PRAEFATIO.
1097 170 1137 209 trit

64 299 133 351 serit.
170 298 269 350 Ibidem
287 313 313 348 rt
332 304 391 349 ante
407 295 504 362 τρίτον
518 300 571 365 jam
590 313 605 348 a
624 297 684 349 Tur.
700 296 827 348 ser-iusum
844 312 901 347 cnm
917 296 997 349 Oxou.
1014 295 1139 361 expunxi.

33 360 41 371 ’
64 394 97 405 -
112 367 141 417 Ρ.
160 363 230 418 1411
248 357 317 418 aitte
336 362 407 433 μέρη
423 367 506 419 Herm.
525 383 558 419 ex
578 368 644 433 conj.
663 382 710 433 pro
727 356 786 431 ἅμα
806 360 885 432 μέρη,
904 366 973 431 quod
988 366 1066 415 miror
1082 365 1136 415 erii-

16 448 21 499 ξ
63 444 129 489 tores
154 451 244 488 omnes
270 452 442 504 propagasse,
466 452 544 501 quum
571 444 671 501 practer
696 439 808 488 membra
826 438 902 486 etiam
920 436 985 486 aliae
1004 434 1135 483 irornimnn

14 504 18 517 '
62 513 148 571 partes
161 506 222 566 sini,
242 508 384 571 mirumque
401 506 467 557 ioret
483 505 602 556 membris
621 506 782 570 peculiariter
798 506 846 555 boe
860 505 928 565 addi,
948 514 974 555 ui
994 504 1083 554 eadem
1101 504 1136 551 si-

62 574 112 625 mui
126 584 215 640 partes
229 578 342 643 corporis
357 576 511 633 dicerentur;
526 576 603 625 immo
618 590 682 637 quas
699 584 784 641 partes
799 576 824 625 in
841 574 890 624 bae
903 574 1051 637 quaestione
1065 572 1136 621 Pisto

63 644 143 694 etism'
158 652 260 709 praeter
283 646 396 697 membra
419 646 570 712 respexerit,
590 648 706 709 geminus
734 644 806 695 iocus
832 644 905 695 docet
921 643 1037 693 Patarea.
1060 657 1083 691 c.
1103 640 1134 693 3:

64 704 100 769 rie
115 704 199 778 [repa
215 706 267 779 μὲν
286 708 321 764 roi
337 704 385 764 iat
406 704 485 775 deieci
502 703 557 778 pori
572 702 629 761 ἐστι
646 727 672 761 ιι.
683 710 742 763 mi..
762 743 797 754 -
814 714 842 763 Ρ.
856 712 922 764 lad
939 702 1048 773 anavair}
1067 701 1135 774 μετὰ

64 776 223 845 διαιρέσεως
242 791 361 848 tanquam
380 784 629 849 interpretamentum
647 782 777 845 sequentis
797 772 1005 849 appretiatum
1029 782 1136 829 eircum-

63 852 159 917 scripsi.
197 851 354 904 structuram
371 852 486 903 laborare
503 852 554 902 'am
569 849 703 901 ΒιΙιῖιιιὶιιε
721 851 851 909 intellexit,
870 852 913 914 qni
925 850 1033 916 Opuscc.
1047 863 1073 914 p.
1085 846 1138 899 1³4

64 914 108 971 sal
127 928 187 971 ante
205 912 274 986 μετὰ
292 922 369 973 inseri
385 922 476 987 inseite
494 868 652 971 §talibanmii
671 928 755 971 satem
773 920 923 986 explicatio,
943 934 993 983 qua
1012 918 1135 975 studium,

62 990 128 1053 quod
145 990 316 1041 distinctionis
334 990 428 1041 auxilio
446 997 540 1050 utatur,
559 992 585 1039 in
603 989 787 1041 dubitationem
804 998 829 1039 et
848 989 1045 1039 controversiam
1064 988 1137 1037 exire

63 1060 107 1119 sit,
130 1060 221 1110 dubito
239 1074 272 1110 an
287 1074 303 1110 s
320 1059 431 1109 Platonis
447 1060 572 1109 sententia
596 1059 741 1119 abhorreat,
766 1060 809 1123 qui
827 1060 853 1109 iu
870 1059 984 1109 Piruedro
1003 1074 1025 1107 c.
1042 1054 1077 1109 49
1097 1058 1136 1107 di-

62 1128 213 1192 stinguendo
233 1129 407 1180 altercationes
424 1130 541 1193 componi
563 1130 649 1194 potius
667 1144 743 1192 qaam
760 1129 865 1179 excitam·
881 1137 976 1180 censet.
997 1154 1031 1163 —
1054 1127 1082 1176 i'.
1102 1122 1136 1177 16

62 1188 159 1247 liedes
177 1189 204 1245 d’
220 1187 277 1263 ἤδη
291 1195 369 1256 VBS,
387 1188 449 1247 τότε
468 1193 504 1260 δὴ
524 1193 571 1247 δεῖ
583 1198 604 1247 ’1
620 1212 677 1248 eum
694 1200 728 1257 03
754 1206 779 1247 at
799 1198 861 1247 talia
881 1198 919 1247 rei
939 1197 1051 1263 optimus
1070 1195 1136 1245 iiber

60 1268 154 1334 passim
173 1266 320 1327 coninndit,
345 1281 392 1318 neo
409 1268 432 1317 si
450 1281 538 1317 omnes
556 1268 721 1332 manuscripti
742 1268 767 1316 in
786 1282 816 1316 eo
834 1268 1014 1325 consentirent,
1035 1264 1136 1315 lenissi-

61 1352 124 1387 mam
143 1337 241 1401 pariter
258 1344 334 1401 atque
352 1335 567 1403 elegantissimam
582 1336 785 1385 emendationem
800 1351 886 1385 eorum
903 1335 1046 1386 auctoritati
1064 1342 1134 1399 post-

61 1405 187 1456 baberem.
210 1432 246 1443 -
268 1405 297 1456 P.
318 1401 350 1456 17
369 1405 393 1455 Α
414 1395 449 1454 τὰ
472 1396 559 1454 πολλὰ
578 1405 618 1471 (ir.
641 1420 664 1455 e.
680 1405 837 1471 plenamque)
857 1404 940 1455 Herm.
962 1420 994 1455 ex
1011 1403 1136 1453 Diodoriii

60 1476 123 1541 conj.
140 1489 190 1541 pro
210 1469 259 1524 sal
277 1465 380 1539 mallei,
405 1474 474 1539 quod
498 1474 597 1525 abinoe
620 1473 674 1524 ioeo
694 1476 803 1525 alienum
823 1489 879 1525 esse
898 1475 975 1525 etiam
998 1472 1136 1523 iiiitscirius

60 1544 83 1593 iu
99 1558 188 1609 progr.
209 1544 297 1595 Zwiec.
317 1560 341 1595 a.
363 1540 429 1595 1841
447 1544 510 1593 scite
527 1543 659 1595 intellexit.
695 1543 818 1594 Nimirum
840 1544 872 1593 de
889 1559 939 1595 uuo
960 1550 1057 1593 tantum
1078 1542 1134 1606 ogi-

20 1644 23 1651 ·
59 1620 109 1674 tur,
135 1613 187 1663 boc
211 1621 249 1663 est
266 1613 298 1663 de
319 1613 481 1677 notionibus,
506 1627 569 1677 qrras
592 1612 670 1679 vulgo
695 1613 854 1663 festinantius
876 1614 994 1677 componi
1019 1612 1136 1661 Socrates

58 1683 169 1745 queritur
188 1697 269 1745 eaque
290 1683 321 1732 de
340 1696 418 1731 causa
435 1682 534 1746 speeies
553 1697 567 1731 a
586 1683 721 1746 generibus
738 1690 805 1731 reete
823 1682 946 1747 distingui
966 1688 1055 1744 negat,
1082 1680 1135 1728 iere

20 1766 25 1805 .‘
58 1758 83 1800 ut
95 1751 194 1801 Politia.
205 1749 257 1803 ab
275 1750 505 1817 reprehenduntur,
526 1752 570 1813 qni
587 1751 773 1800 diversissimas
793 1758 881 1815 gentes
901 1766 950 1799 uno
971 1750 1134 1798 barbarorum

58 1821 158 1870 namins
176 1819 405 1886 comprehendant;
424 1820 507 1871 rapitis
522 1830 605 1869 eutem
622 1821 647 1869 iu
661 1818 710 1869 hue
723 1819 919 1885 reprehensione
935 1820 1005 1868 loeus
1021 1831 1072 1867 non
1087 1826 1135 1869 est.

57 1889 163 1954 ideoque
176 1889 316 1940 Klitsehius
332 1883 367 1937 τὰ
386 1879 474 1937 πολλὰ
487 1897 546 1954 post
563 1884 633 1952 picot
646 1890 732 1954 potins
748 1888 867 1955 ponenda
883 1905 940 1939 esse
954 1890 1067 1943 censuit:
1083 1901 1135 1949 qna

58 1959 234 2009 emendatione
257 1965 369 2007 nostram
396 1958 516 2008 leniorem
540 1973 597 2008 esse
621 1958 743 2017 arbitror,
769 1960 917 2023 praesertim
936 1973 1014 2020 quum
1040 1951 1088 2004 καὶ
1109 1966 1135 2004 et

57 2028 189 2078 articulum
205 2029 303 2093 passim
321 2025 441 2077 conlundi
461 2042 476 2077 a
496 2027 605 2077 librariis
624 2036 735 2085 constet3
755 2027 787 2077 ci.
808 2042 855 2077 uos
874 2029 908 2077 ad
925 2028 1028 2076 Lucina.
1044 2041 1070 2090 p.
1080 2021 1134 2076 319

57 2098 120 2147 etin
140 2095 275 2148 Ritscbeiii
293 2095 357 2147 Mus.
368 2095 484 2147 Rheuau.
497 2096 525 2146 T.
539 2098 568 2145 li.
580 2112 605 2162 p.
617 2094 677 2149 598.
700 2123 733 2133 -
751 2098 779 2146 Ρ.
799 2093 830 2147 17
850 2096 869 2144 11
888 2089 958 2160 ἡμῖν
976 2105 1035 2161 post
1050 2086 1133 2157 φωνὴ

57 2157 105 2227 pio
128 2180 190 2215 eum
210 2164 230 2216 Ο
252 2172 276 2216 et
294 2163 312 2214 S
332 2165 434 2232 expuli3
460 2180 521 2216 mcx
545 2174 630 2216 antem
654 2174 712 2231 post
734 2158 817 2228 φωνή
838 2158 889 2228 μέν
912 2178 968 2213 που
990 2165 1031 2214 rei
1054 2164 1134 2212 invito

57 2232 136 2285 Oxou.
157 2229 207 2284 nal
225 2249 282 2285 cum
297 2231 361 2284 VssS
381 2236 472 2285 retinui
490 2235 623 2298 solumque
642 2249 751 2297 sequeus
769 2226 801 2283 τὸ
820 2235 942 2299 expunxi,
961 2235 1020 2296 quia
1039 2248 1071 2282 ex
1089 2247 1134 2281 un-

57 2305 230 2355 iecedentibus
244 2302 311 2353 male
326 2305 443 2354 iteratam
459 2318 516 2353 esse
531 2304 638 2363 ridetur,
658 2305 789 2369 ipsiusque
804 2298 853 2353 nal
875 2303 990 2353 defectus
1007 2304 1033 2351 in
1048 2299 1131 2351 Oxou.

57 2373 102 2423 risi
119 2389 154 2425 ex
175 2388 249 2437 sequ.
268 2365 339 2422 κατὰ
357 2373 522 2424 similitudine
541 2389 591 2423 non
608 2374 756 2438 explicatur.
793 2372 866 2422 Talia
885 2375 952 2422 enim
972 2372 1010 2421 vel
1030 2370 1136 2434 optimis

56 2456 100 2491 usu
119 2444 224 2493 venisse
243 2443 320 2492 etiam
344 2457 371 2507 p.
392 2439 423 2494 17
442 2442 462 2491 Ε
479 2444 576 2507 arguit,
602 2444 646 2492 ubi
665 2432 754 2491 ὄντων
772 2450 831 2507 post
848 2438 903 2489 τῶν
922 2456 969 2506 per
987 2440 1133 2488 homoeote-

55 2510 136 2561 leuton
162 2511 272 2570 excidat
296 2512 323 2562 id
341 2526 403 2561 vero
425 2517 522 2561 tantum
545 2514 616 2561 obest
640 2520 666 2560 nt
697 2509 819 2574 reliquam
843 2525 932 2560 eorum
956 2510 1133 2559 auctoritatem

54 2580 146 2641 elevet,
171 2589 200 2631 ut
218 2581 309 2631 iisdem
327 2581 434 2631 ducibus
452 2596 500 2631 uon
521 2582 603 2631 solnm
624 2571 657 2629 ἓν
680 2570 845 2645 postolatur
863 2596 921 2629 eum
939 2580 998 2628 Tur.
1018 2579 1134 2636 retinere,

54 2649 96 2699 scd
121 2651 202 2699 etiam
223 2664 284 2699 mox
307 2643 372 2713 περὶ
395 2640 501 2698 τούτων
525 2664 572 2715 pro
591 2644 655 2712 περὶ
678 2646 759 2698 τοῦτο
781 2650 880 2715 primus
904 2650 1035 2699 restituere
1055 2662 1134 2699 ausus

54 2719 109 2768 sim.
137 2718 230 2770 Staiib.
250 2726 317 2769 cerie
333 2719 402 2783 quod
421 2720 594 2785 genitivuma
617 2720 712 2768 criticis
737 2720 864 2770 invectum
884 2721 1044 2784 suspicatur,
1068 2730 1134 2780 quos

54 2786 187 2839 offenderit
209 2796 336 2838 structura
359 2780 475 2853 ἔμφρων
500 2786 616 2852 περίτι,
640 2788 729 2838 eodem
751 2789 809 2854 jure
826 2789 980 2838 eontrarium
999 2786 1133 2845 defendes,

54 2872 128 2920 quum
147 2864 240 2907 neutra
260 2857 350 2908 harum
368 2859 583 2908 constructionum
602 2858 681 2907 altera
703 2857 851 2908 insolentior
869 2858 917 2913 sit3
944 2856 1022 2906 multo
1046 2863 1133 2905 autem

54 2926 216 2976 uerisimilius
238 2935 276 2976 est
297 2926 456 2992 singularem
477 2924 558 2976 τοῦτο
577 2928 742 2993 grammatico
761 2928 861 2992 deberi,
887 2927 930 2989 qni
953 2926 1061 2976 eundem
1085 2939 1132 2972 nu·

54 3009 148 3046 merum
167 2997 196 3046 in
214 2996 422 3047 antecedentibus
439 2996 557 3047 vidisset.
593 2997 621 3045 ln
644 2996 694 3045 iine
713 2998 804 3062 capitis
823 2985 853 3044 ἕν
872 3004 930 3045 ante
948 2987 1044 3044 ov’davl
1063 2993 1132 3057 apud

54 3064 110 3115 Tur.
130 3079 196 3116 casu
214 3072 312 3115 tantum
331 3065 459 3115 excidisse
478 3066 584 3115 videtur.
608 3091 644 3102 —
666 3067 692 3118 P.
716 3064 747 3118 19
766 3065 785 3116 G
802 3061 958 3115 λανθάνειν
977 3053 1064 3110 αὑτὸν
1083 3076 1131 3126 pro

51 3131 132 3184 aava.
153 3124 243 3183 αὐτὸν
257 3125 343 3183 αὑτὸν
355 3134 439 3184 Herm.
454 3149 486 3185 ex
500 3133 580 3185 Oxou.
596 3136 720 3200 vestigiis,
738 3136 782 3198 qui
799 3149 831 3186 ex
843 3134 915 3200 vulg.
930 3132 989 3182 leet.
1003 3131 1131 3196 posterius

52 3193 135 3254 αὑτὸν
148 3203 265 3254 omittere
277 3203 398 3259 truditur:
429 3204 481 3254 uod
494 3204 540 3254 etsi
552 3213 656 3269 propter
667 3202 889 3254 homoeoteleuton
900 3216 1001 3265 quoque
1012 3200 1131 3251 accidere

54 3278 158 3336 poterat,
178 3271 243 3323 mihi
256 3279 341 3323 tamen
358 3218 443 3321 adelo
456 3272 621 3323 additamenti
633 3275 745 3338 speciem
759 3272 872 3337 praebet,
890 3270 1039 3335 praesertim
1051 3285 1131 3333 quarm

55 3341 121 3393 Pisto
142 3342 207 3393 aiibi
224 3340 310 3392 solum
330 3333 433 3391 ἔλαθεν
452 3332 553 3391 ἑαυτὸν
571 3350 689 3406 usurpet,
714 3343 816 3407 Protag.
837 3356 860 3393 c.
882 3338 931 3400 11,
954 3338 1031 3406 Gorg.
1052 3354 1076 3389 c.
1095 3335 1132 3389 26

54 3416 98 3461 eie.
116 3437 151 3449 -
168 3413 198 3463 Ρ.
211 3409 280 3463 9011
297 3401 369 3475 πρὸς
387 3402 418 3461 δὲ
436 3402 532 3468 αὐτοῖς
549 3411 571 3463 Η
589 3427 647 3462 eum
658 3411 716 3461 Vai.
732 3410 793 3461 Aet
811 3410 875 3461 Ven.
890 3406 927 3472 H,
946 3424 1030 3474 uenae
1048 3406 1135 3458 Oxou.
