2422 3780
67 195 101 248 87
457 186 689 246 ΦΑΙΔΡΟΣ.
1015 186 1078 248 225

67 356 302 432 προαιρεῖσθαι
320 354 434 434 φίλον·
457 343 541 417 ἀλλὰ
558 345 634 413 τόδε
652 342 736 429 πρὸς
753 348 868 437 έκείνφ
886 352 992 427 δείξας
1015 374 1073 432 φε-

68 445 182 525 ρέσθω
204 442 244 511 τά
265 444 455 531 νικητήρια,
483 443 528 523 άς
549 439 612 512 οὐκ
638 439 693 510 ἐπ’
723 440 866 532 ἀφελείᾳ
888 441 905 510 ὁ
930 449 1012 529 ἔρως
1032 453 1079 530 τῷ

69 543 188 624 ε’ροίντι
209 542 264 608 καλ
286 548 334 630 τῷ
354 542 507 632 ἐρωμένῳ
531 543 567 608 έκ
589 547 683 609 θεοῖν
705 543 927 626 έπιπεμπεται.
944 536 1023 626 ἡμῖν
1043 539 1079 606 δὲ

69 636 284 706 ἀποδεικτέον
301 630 347 704 αὖ
366 637 580 723 τούναντίον,
603 635 649 716 ὠς
666 633 718 705 ἐπ’
737 633 871 727 εὐτυχία
886 647 927 726 τῇ
944 644 1079 724 μεγίστη

68 733 158 819 παρά
177 743 268 804 θεῶν
284 734 306 823 ἡ
323 738 458 824 τοιαύτη
476 744 578 824 μανία
596 742 738 805 δίδοται·
760 732 781 822 ἡ
799 737 835 804 δὲ
857 734 897 822 δὴ
915 733 1079 815 ἀπόδειξις
1097 742 1116 795 0

69 840 159 902 ἔσται
171 839 291 913 δεινοῖς
301 838 362 921 μὲν
374 835 526 920 ἀπιστος,
549 849 665 921 σοφοῖς
678 835 714 902 δέ
725 832 831 921 πιστή.
852 838 905 902 δεῖ
911 824 976 902 οὖν
987 840 1080 919 πρῶ-

69 958 130 1000 τον
142 940 249 1020 ψυχῆς
266 933 399 1019 φύσεως
414 938 489 1018 πέρι
505 940 600 1011 θείας
614 959 649 1000 τε
665 934 720 1000 καὶ
738 928 954 1017 ἀνθρωπίνης
966 931 1081 1000 ίδόντα

69 1031 163 1115 πάθη
171 1033 268 1098 τεκαλ
279 1037 358 1117 ἔργα
365 1029 508 1118 τάληθὲς
514 1038 647 1117 νοῆσαι·
661 1026 743 1118 ἀρχὴ
757 1030 792 1100 δὲ
803 1027 999 1111 ἀποδείξεως
1009 1027 1078 1117 ἥδε.

153 1135 263 1198 XXIV.
309 1128 405 1215 Ψνχη
428 1137 517 1197 πᾶσα
539 1127 717 1207 ἀθάνατος.
746 1125 783 1196 τδ
807 1126 870 1214 γάρ
893 1127 1080 1214 ἀεικίνητον

69 1224 259 1294 ἀθάνατον·
283 1224 320 1295 τὸ
334 1228 366 1294 δ’
384 1227 465 1297 ἀλλο
476 1237 597 1297 κινοῦν
607 1231 662 1296 καὶ
675 1225 735 1294 ὑπ’
752 1226 856 1295 ἀλλον
867 1228 1078 1312 κινούμενον,

70 1331 203 1392 παῦλαν
220 1330 296 1412 έχον
313 1326 490 1413 κινήσεως,
512 1331 645 1393 παῦλαν
661 1329 725 1411 ἔχει
737 1330 835 1412 ζωῆς·
860 1325 968 1411 μόνον
985 1323 1025 1409 δὴ
1041 1320 1078 1390 τὸ

69 1419 151 1488 αὑτὸ
170 1429 305 1507 κινοῦν,
328 1424 384 1491 ἅτε
403 1421 464 1492 οὐκ
482 1421 662 1492 ἀπολεῖπον
686 1423 802 1508 ἑαυτά,
828 1422 871 1489 οὔ
884 1447 963 1491 ποτε
987 1422 1080 1509 λήγει

69 1520 283 1606 κινούμενον,
295 1518 379 1589 ἀλλά
390 1524 522 1602 καὶτοῖς
534 1521 646 1601 ἀλλοις
656 1519 720 1588 ὅσα
730 1535 869 1589 κινεῖται
879 1527 978 1587 τοῦτο
990 1517 1078 1606 πηγὴ

69 1618 125 1684 καί
153 1613 235 1704 ἀρχὴ
263 1619 432 1705 κινήσεως.
463 1618 546 1708 ἀρχὴ
576 1619 612 1688 δὲ
638 1618 809 1705 ἀγένητον.
838 1621 870 1698 ἐξ
892 1617 994 1704 ἀρχῆς
1013 1614 1118 1703 γάρΙ)

70 1711 200 1802 ἀνάγκη
213 1725 280 1784 πάν
292 1715 329 1786 τδ
347 1717 549 1805 γιγνόμενον
564 1724 756 1804 γίγνεσθαι,
780 1713 886 1804 αὐτὴν
903 1715 938 1784 δὲ
956 1712 1033 1801 μηδ’
1047 1718 1080 1794 έξ

70 1813 162 1892 ἑνός·
187 1821 217 1883 εί
226 1814 290 1902 γάρ
308 1821 422 1884 ἕκτον
440 1814 523 1903 ἀρχὴ
542 1823 706 1903 γίγνοιτο,
730 1812 793 1883 οὐκ
810 1810 855 1881 ἀν
871 1817 904 1894 ἐξ
917 1811 1018 1900 ἀρχῆς
1028 1820 1081 1898 γί-

68 1940 192 1999 γνοιτο.
215 1913 325 2002 ἐπειδὴ
345 1915 381 1983 δὲ
398 1913 561 2002 ἀγένητόν
578 1917 662 2000 ἐστι,
684 1917 740 1983 καί
761 1912 977 1998 ἀδιάφθορον
999 1907 1079 1978 αὐτὸ

71 2009 199 2097 ἀνάγκη
211 2009 302 2079 εἶναι.
316 2009 416 2099 ἀρχῆς
427 2011 491 2099 γάρ
504 2011 544 2102 δὴ
556 2011 762 2100 ἀπολομένης
773 2011 849 2080 οὔτε
860 2009 944 2096 αὕτη
955 2034 1034 2077 ποτε
1044 2013 1080 2075 ἔκ

75 2134 132 2176 τον
144 2108 222 2177 οὔτε
233 2109 313 2179 άλλο
330 2113 362 2193 ἐξ
376 2114 503 2198 ἐκείνης
520 2111 705 2200 γενήσεται,
719 2122 810 2195 είίτερ
822 2113 855 2190 ἐξ
868 2106 970 2195 ἀρχῆς
982 2111 1035 2175 δεῖ
1040 2105 1080 2174 τά

74 2206 182 2274 πάντα
197 2215 382 2294 γίγνεσθαι.
404 2210 493 2279 οὕτω
509 2210 549 2297 δὴ
571 2212 730 2297 κινήσεως
751 2212 812 2297 μὲν
833 2206 916 2296 ἀρχη
939 2206 976 2275 τό
1000 2205 1080 2274 αὐτὸ

72 2303 154 2375 αὐτὸ
176 2316 304 2375 κινοῦν.
326 2318 424 2377 τοῦτο
443 2311 479 2378 δὲ
496 2307 566 2377 οὔτ’
587 2306 799 2377 ἀπόλλυσθαι
814 2307 891 2376 οὔτε
907 2313 1083 2393 γίγνεσθαι

72 2406 235 2491 δυνατόν,
260 2401 282 2491 ἢ
296 2408 404 2475 πάντα
421 2434 456 2475 τε
474 2405 624 2493 οὐρανόν
640 2407 752 2475 πᾶσάν
768 2433 803 2474 τε
813 2408 944 2492 γένεσιν
956 2424 1084 2490 σνμπε,
1101 2421 1121 2470 Ε

72 2513 201 2572 σοδσαν
216 2513 334 2599 στῆηαι
351 2510 405 2574 καὶ
422 2509 547 2594 μήποτε
565 2501 667 2587 αὖθις
687 2512 773 2594 ἔχειν
795 2504 880 2573 ὅθεν
901 2505 1084 2592 κινηθέντα

72 2603 256 2690 γενήσεται.
280 2602 455 2673 ἀθανάτου
473 2607 508 2675 δὲ
519 2609 735 2693 πεφασμένον
745 2611 807 2673 τοῦ
819 2601 880 2689 ὑφ’
899 2604 1021 2672 ἑαυτοῦ
1032 2630 1084 2670 κι-

72 2708 259 2789 νουμένου,
281 2711 389 2789 ψυχῆς
407 2701 526 2772 οὐσίαν
541 2732 576 2773 τε
593 2707 649 2774 καὶ
666 2705 769 2790 λόγον
786 2711 908 2771 τοῦτον
919 2698 1025 2769 αὐτόν
1036 2727 1085 2778 τις

73 2805 181 2887 λέγων
193 2802 256 2871 οὐκ
274 2810 484 2889 αἰσχυνεῖται.
507 2813 575 2872 πᾶν
586 2803 650 2891 γάρ
661 2813 772 2891 σωμα,
796 2795 826 2891 ςδ
835 2804 897 2890 μὲν
909 2809 1036 2884 ἔξωθεν
1046 2798 1083 2869 τὸ

72 2912 257 2988 κινεῖσθαι,
281 2902 427 2989 άψνχον,
447 2896 522 2995 ᾦδὲ
534 2908 676 2973 ἔνδοθεν
691 2902 781 2998 αὐτῷ
792 2908 826 2985 ἐξ
838 2900 960 2988 αὑτοῦ,
978 2909 1087 2989 ἔμψυ-

72 3028 150 3087 χον,
174 3001 218 3083 ὡς
235 3004 358 3091 ταύτης
376 3003 478 3089 οὔσης
496 3003 628 3092 φάσεως
646 3012 768 3091 ψυχῆς·
790 3010 820 3070 εί
840 3002 871 3070 δ’
897 3008 966 3069 ἔστι
986 3007 1084 3067 τοῦτο

74 3099 182 3182 οὕτως
193 3108 284 3189 ἔχον,
308 3103 352 3192 μὴ
364 3102 446 3173 ἀλλο
458 3132 488 3171 τι
500 3102 584 3173 εἶναι
595 3104 632 3172 τό
644 3101 725 3170 αὐτὸ
738 3099 835 3170 ἕαντδ
854 3095 1006 3186 κινοῦνῆ
1019 3112 1087 3181 ψν-
1101 3111 1156 3168 246

72 3203 145 3290 χήν,
157 3209 190 3283 ἐξ
202 3202 350 3290 ἀνάγκης
361 3202 523 3289 ἀγένητόν
533 3231 568 3272 τε
580 3204 634 3270 καὶ
646 3199 819 3269 ἀθάνατον
829 3197 918 3287 ψυχὴ
930 3195 1045 3285 ἀνείη.

159 3310 256 3372 XXV.
299 3304 383 3387 Περὶ
394 3303 455 3389 μὲν
468 3296 531 3370 οὖν
543 3303 731 3379 ἀθανασίας
743 3296 846 3387 αὐτῆς
857 3303 994 3378 ἱκανοῖς·
1011 3300 1087 3381 περὶ

75 3403 111 3469 δὲ
122 3410 179 3487 τῆς
202 3404 290 3481 ίδέας
316 3398 416 3487 αὐτῆς
441 3394 506 3469 οἶδε
527 3405 675 3469 λεκτέον·
698 3393 770 3468 οἷον
787 3401 849 3486 μέν
870 3401 956 3483 ἐστι,
979 3399 1099 3478 πάντη·

162 3499 253 3552 ΡιΑτο
271 3498 302 3550 ΙΙ.
911 3498 954 3549 xis
