2408 3780
106 159 170 222 130
474 158 578 214 ΠΛΑ
588 155 689 214 ΤΩΝ
695 155 758 215 ΟΣ

105 321 166 405 μὲν
177 320 231 386 καλ
243 323 387 403 σφαίρας
397 314 499 403 αὐτῆς
510 323 567 400 τής
577 320 671 392 θείας
687 312 747 381 τὸν
764 313 866 399 λόγον
884 320 986 402 ἔχων,
999 316 1073 403 τήν
1084 316 1119 387 δλ
1149 318 1159 401 ·f

105 418 324 502 ἀνθρωπίνην
341 415 467 500 ταύτην
483 426 631 499 σφαῖραν
647 409 798 491 καὶτοὺς
814 412 961 493 κύκλους
977 412 1119 497 τούτους

70 529 92 576 Β
107 514 250 601 ἀγνοῶν,
263 518 317 582 καὶ
327 513 495 600 χριόμενος
506 514 543 578 ἐν
551 514 722 598 οἰκοδομία
731 513 787 577 καὶ
795 523 864 589 τοῖς
874 508 989 590 ἄλλοις
997 508 1119 598 ὁμοίως

105 613 224 682 κανόσι
237 614 370 690 καὶτοῖς
381 611 531 690 κόκλοιςς

188 716 292 779 ΠΡΩ.
325 715 466 777 Γελοίαν
478 703 660 774 διάθεσιν
641 713 746 792 ημῶν,
761 733 786 773 ω
775 699 988 795 Σώκρατες,
1000 711 1041 777 ἐν
1050 670 1118 789 ταῖς

103 816 211 887 θείαις
223 801 329 876 ουσαν
340 807 447 926 μόνοη
458 805 649 891 ἐπιστήμαις
660 807 844 888 λε’γομευ.

190 912 265 975 ΣΩ.
300 912 379 983 Πας
391 905 472 994 φής;
495 931 516 989 η
528 928 587 970 του
577 906 745 983 ψευδοῦς
755 901 898 980 κανόνος
909 899 978 988 ἅμα
989 905 1048 971 καί
1057 912 1118 972 τοῦ

104 1005 231 1071 κύκλου
248 1002 309 1088 τήν
327 1001 369 1070 οὐ
386 1005 522 1089 βέβαιον
539 999 618 1069 οὐδὲ
637 1000 792 1084 καθαρὰν
808 1002 927 1087 τέχνην
937 1002 1119 1088 ἐμβλητέου

104 1108 202 1188 κοινῇ
212 1102 267 1168 καὶ
278 1102 499 1185 συγκρατέον;

189 1204 294 1267 ΠΡΩ.
324 1196 521 1282 Ἀναγκαῖον
537 1198 657 1282 γόρ,ε
642 1203 671 1264 ί
687 1199 797 1281 μελλει
815 1223 863 1276 τις
879 1195 1045 1283 ήμιόνκαλ
1056 1196 1117 1286 τήν

105 1297 217 1365 ὁὸὁν
201 1297 353 1365 εκόστοτε
367 1298 554 1424 ἐξευρήσειν
566 1301 688 1414 οίκμόε.

188 1402 261 1464 ΣΩ.
291 1387 333 1462 Ἦ
341 1398 396 1462 καὶ
407 1393 588 1481 μουσικήν,
605 1390 647 1477 ἣν
659 1390 772 1475 ὀλίγον
784 1372 977 1478 ἔμπροσθεν
987 1400 1117 1515 ἒιμιιμεν

66 1512 84 1561 C
106 1493 289 1581 στοχόσειός
306 1520 341 1561 τε
358 1495 413 1561 καὶ
429 1492 594 1579 μιμήσεως
617 1489 739 1577 μεστήν
760 1484 866 1559 οὖσαν
886 1492 1117 1581 καθαρότητος
1156 1526 1159 1531 ·

106 1599 229 1676 ἐνδεῖνς
1157 1618 1159 1625 ·

187 1696 288 1759 ΠΡΩ.
319 1687 515 1774 Ἀναγκαῖον
526 1696 677 1774 φαίνεται
689 1695 815 1775 ἔμοιγε,
835 1698 926 1772 εἴπερ
937 1714 977 1774 γε
988 1686 1115 1777 ήμῶυό
1154 1718 1159 1771 ς

104 1797 175 1876 βίος
188 1794 277 1855 ἔσται
288 1789 343 1855 καὶ
354 1785 603 1856 ὁπωσοῦυποτὲ
614 1794 693 1874 βίος.
1157 1850 1159 1855 .

189 1890 264 1953 ΣΩ.
298 1884 420 1953 Βούλει
436 1889 534 1972 ιλήτα,
558 1885 668 1972 οἵσπερ
685 1883 842 1973 θυρωρός
863 1882 921 1952 ὑπ’
944 1885 1048 1973 όχλου
1068 1914 1118 1969 τις
1152 1870 1159 2035 ή

107 1983 303 2072 ὠθούμενος
313 1986 368 2052 καί
378 1984 580 2072 βιαζόμενος,
591 1982 745 2072 ἡττηθεὶς
756 1983 964 2063 ἀναπετάσας
975 1984 1035 2066 τὰς
1046 1987 1116 2057 θό-
1149 2040 1159 2075 ‚=

106 2110 166 2166 ρας
183 2083 260 2169 ἀφῶ
278 2083 385 2161 πόσας
401 2082 578 2169 ἐπιστήμας
602 2089 725 2168 εἰσρεῖν
747 2086 801 2152 καὶ
823 2090 1006 2169 μίγνυσθαι
1028 2082 1118 2172 ὁμοῦ

103 2187 238 2268 καθαρᾶ
249 2178 312 2266 τήν
322 2182 552 2266 ἐνδεεστέραν·
1147 2071 1159 2297 X

68 2292 89 2340 D
190 2285 295 2348 ΠΡΩ.
328 2277 466 2348 Ουκουυ
477 2285 578 2365 ἔγωγε
590 2279 674 2364 οἶδα,
689 2272 919 2367 οιΣοόκρατες,
938 2276 1095 2359 ὅτίτις’“
1071 2308 1117 2350 αν
1148 2284 1159 2343 ι’

104 2378 281 2463 βλάπτοιτο
300 2379 408 2457 παίσας
424 2379 537 2465 λαβὼν
554 2405 613 2458 τας
628 2377 729 2457 ἄλλας
747 2379 938 2466 ἐπιστήμας,
960 2376 1159 2464 ἒχωντᾶςὲ

104 2475 244 2559 πρώτας,
1151 2498 1159 2543 .·.

190 2578 266 2638 ΣΩ.
299 2580 422 2640 Μεθιῶ
435 2572 475 2660 δή
487 2600 545 2652 τας
557 2574 728 2660 ξυμπάσας
739 2577 809 2662 ήεῖυ
820 2572 912 2653 είς
876 2600 938 2661 την
947 2582 1007 2662 τῆς
1011 2572 1159 2663 Ομή-
1153 2610 1159 2653 t

103 2691 166 2752 ρον
177 2670 231 2736 καὶ
242 2667 330 2753 μαλα
341 2678 512 2757 ποιητικῆς
522 2679 734 2758 μισγαγκείας
744 2670 931 2759 ὑπολοχήνς

186 2771 289 2833 ΠΡΩ.
319 2766 420 2835 Πόνυ
431 2762 577 2854 μὲνοῦν.
1152 2836 1159 2847 ,

187 2868 325 2933 XXXIX.
367 2871 444 2933 ΣΩ.
483 2873 684 2936 Μεθεῖνται·
707 2871 762 2937 καί
779 2870 880 2938 πόλιν
897 2871 949 2937 ἐπὶ
964 2867 1028 2956 τήν
1044 2878 1115 2938 τῶν
1152 2877 1159 2943 ζ

101 3087 172 3148 ναι,
196 3058 235 3129 τό
253 3068 320 3130 τῶν
336 3059 476 3148 ἀληθῶν
490 3062 590 3148 μόρια
607 3071 741 3148 πρῶτον
757 3063 820 3133 οὐκ
837 3063 1001 3151 ἐξεγένεθ’
1019 3063 1114 3153 ἡμῖν,

64 3176 84 3223 ε,
103 3156 186 3226 α’λλᾶ
202 3158 255 3228 διὰ
273 3157 310 3229 τό
330 3168 441 3229 πᾶσαν
455 3158 590 3251 ἀγαπᾷν
607 3162 789 3251 ἐπιστήμην
806 3162 985 3243 είςταότὸυ
995 3174 1121 3253 μεθεῖ-

103 3282 165 3341 μεν
176 3255 305 3343 ἆθρόας
318 3262 374 3327 καὶ
384 3260 537 3346 πρόσθεν
548 3267 615 3329 τῶν
625 3258 767 3349 ἡδονῶν.

186 3363 288 3424 ΠΡΩ.
319 3355 539 3447 Ἀληθόστατα
553 3365 665 3448 λέγεις,
