2408 3780
136 188 196 251 152
491 189 774 248 ΠΛΑΤΩΝΟΣ
1120 195 1132 243 1

136 360 244 430 λευσις
269 357 311 438 τῷ
330 353 447 435 ἐρῶντι
470 348 559 432 παρδι
581 347 717 415 πάντων
744 348 939 436 θαυμαστή,
963 346 1024 434 σύγ
1047 344 1091 429 ῶς
1120 371 1132 411 τ

95 462 117 512 Ε
136 446 270 534 αἰσχρὸν
287 456 453 531 ποιοῦντι,
478 449 532 512 καὶ
555 446 661 512 ἑλόντι
680 444 784 513 καλὸν
803 451 897 515 δοκεῖ
915 445 999 515 εἶναι
1023 448 1077 513 καί
1098 469 1132 530 με

134 546 241 614 ἑλόντι
259 545 414 632 αἰσχρόν,
439 544 493 611 καὶ
512 540 594 626 πρὸς
609 541 645 609 τδ
662 545 836 630 ἐπιχειρεῖν
848 547 934 613 ἑλεῖν
953 546 1109 624 ἐξουσίαν
1125 567 1132 605 ι

132 644 233 730 νόμος
242 646 418 733 δέδωκετῶ
430 646 549 728 ἐραστή
557 640 735 726 θαυμαστὰ
746 648 825 727 ἔργα
835 646 1039 733 ἐργαζομένῳ
1050 645 1132 710 έπαν

133 753 282 829 νεῖσθαι,
306 740 328 809 οί
348 751 379 809 εί
393 765 443 821 τις
459 739 590 829 τολμῴη
604 754 710 806 ποιεῖν
728 737 831 808 ἄλλ’*
817 749 932 808 οτιούν
943 739 1076 809 διῶκων
1089 763 1132 806 κω

66 854 116 910 83
132 840 337 927 βουλόμενος
348 838 591 958 διαπράξασθαι
605 836 693 936 πλήν
705 845 825 922 [τούτο]
844 844 1086 925 φιλ[οσοφ]ίας,
1102 832 1132 902 τί

134 940 269 1024 μέγιστα
287 933 439 1023 καρποῖτ’
459 930 503 1002 ίίν
516 933 639 1056 ὀνείδή.
665 941 695 1004 εί
709 934 773 1021 γάρ
785 932 807 1023 ή
819 937 966 1058 χρήματα
978 935 1132 1023 βουλόμε-

136 1061 193 1114 νος
205 1036 294 1120 παροί
304 1061 365 1102 του
377 1029 530 1120 λαβεῖν’“
507 1060 527 1119 η
546 1031 651 1120 ἀρχὴν
662 1033 791 1119 &ogast
769 1062 790 1120 η
801 1061 853 1101 τιν
858 1032 987 1119 ’ίίλλην
1000 1033 1132 1118 δύναμιν

135 1136 247 1201 ἐθέλοι
259 1147 366 1201 ποιεῖν
378 1126 494 1218 οἷοίπερ
508 1136 541 1198 οί
551 1135 683 1218 ἐρασταὶ
695 1131 778 1219 πρός
788 1131 827 1199 τὰ
840 1131 991 1218 παιδικύ,
1006 1137 1132 1208 ἱκετείαις

135 1233 237 1300 τεκαὶ
255 1230 481 1317 ἀντιβολήσεις
499 1233 534 1296 έν
552 1245 623 1310 ταῖς
640 1232 770 1317 δεήσεσι
787 1231 997 1316 ποιούμενοι,
1013 1233 1067 1298 καί
1084 1228 1132 1313 όρ

135 1355 215 1410 κους
234 1328 412 1416 ὀμνύντες,
436 1330 490 1396 καί
508 1329 674 1416 κοιμήσας
687 1332 738 1395 ἐπὶ
748 1329 887 1417 θύραις,
905 1331 959 1395 καὶ
971 1330 1132 1404 ἐθέλοντες

134 1433 286 1545 δουλείας
303 1426 528 1495 δονλεύειν“
495 1451 565 1504 οιας
583 1424 692 1492 066’
676 1453 718 1494 αν
730 1430 849 1505 δούλος
863 1425 987 1513 ούδείς,
1007 1429 1132 1512 ἐμποδί-

135 1521 254 1606 ζοιτο’“
233 1553 275 1593 αν
287 1524 330 1613 μή
344 1524 499 1610 πράττειν
511 1523 598 1592 ούτω
610 1521 767 1643 τὴγόροίξ
768 1553 801 1592 ιν
812 1528 867 1592 καί
881 1522 943 1592 ύπό
963 1531 1073 1610 φίλων
1090 1525 1132 1591 καὶ

95 1637 115 1687 Β
136 1624 200 1693 ὑπο
189 1623 356 1711 ἐχθρῶν,
367 1633 434 1693 τῶν
444 1651 505 1710 μεν
517 1621 746 1703 ὀνειδιζόντων
758 1631 930 1701 κολακείας
940 1625 995 1690 καὶ
1007 1621 1132 1690 ύνελεν

135 1731 268 1807 θερίας,
292 1731 360 1791 τῶν
386 1724 421 1791 δε
444 1721 702 1791 νουθετούντων
720 1749 775 1790 και
764 1722 1041 1807 αἰσχυνομένων
1060 1717 1132 1800 ὑπὲρ

135 1819 257 1890 αὐτοῦ·
274 1827 320 1911 τῶ
336 1817 368 1888 δ’
387 1823 504 1906 ἐρῶντι
521 1820 628 1887 πάντα
640 1828 743 1887 ταῦτα
755 1829 906 1888 ποιοῦντι
916 1820 1009 1904 χοίρις
1020 1819 1129 1885 ἕπεται

136 1923 189 1987 καί
205 1920 334 1987 δέδοται
351 1915 416 1985 ύπδ
436 1926 498 1986 τού
515 1919 622 2004 νόμον
639 1916 722 1986 ι’ίνευ
740 1916 890 2038 ὀνείδομς
907 1917 1079 2003 πράττειν,
1099 1914 1132 1994 ῶς

136 2017 309 2103 πάγκαλόν
325 2044 355 2084 τι
373 2025 507 2103 πρᾶγμα
526 2014 860 2142 διαπραττομε’νομ.“1
841 2043 858 2083 ο
882 2015 917 2082 δε
939 2014 1130 2083 δεινότατον

136 2115 180 2195 ῶς
191 2142 228 2201 γε
241 2116 396 2201 λέγουσιν
405 2119 439 2182 oc
444 2112 603 2200 πολλοι,
583 2141 634 2182 οτι
644 2116 698 2183 καὶ
710 2113 849 2201 ὀμνύντι
860 2114 952 2205 μόνω
963 2113 1132 2232 σνγγνῶμι

136 2210 225 2299 παρὰ
237 2218 330 2280 θεῶν
342 2212 521 2300 κβαντι
487 2238 547 2280 τον
558 2237 676 2299 ορκον
701 2208 947 2298 αφροδισιον
908 2238 972 2297 γαρ
985 2236 1090 2295 ορκον
1101 2234 1132 2277 οι

136 2335 240 2399 φασιν
262 2338 360 2382 ειναι
389 2308 476 2381 ούτω
498 2339 554 2380 και
543 2315 606 2380 οί
620 2313 693 2379 θεολ
712 2313 802 2379 καίο
805 2309 1011 2395 ίίίνθρωποι
1033 2315 1132 2375 πᾶσαι

99 2424 119 2477 e
137 2413 289 2492 ἐξουσίαν
300 2410 499 2498 πεποιήκασι
509 2417 555 2500 τῷ
574 2412 707 2498 ἐρῶντι,
730 2405 774 2489 ῶς
793 2406 810 2475 ὁ
830 2409 932 2495 νόμος
943 2401 1075 2492 φησὶνο
1089 2409 1132 2472 ἐν·

135 2508 230 2575 θύδε.
250 2507 352 2596 ταύτῃ
365 2508 426 2594 μὲν
437 2501 500 2575 ούν
511 2514 639 2594 οἰηθείη
651 2505 695 2574 ίίν
712 2533 759 2585 τις
770 2505 940 2592 πάγκαλον
952 2508 1131 2588 νομίζεσθα

136 2607 172 2669 έν
182 2607 260 2690 τῇδε
272 2611 313 2692 τή
324 2605 420 2672 πόλει
430 2609 485 2673 καλ
495 2603 532 2671 τδ
545 2608 627 2694 έρᾷν
637 2604 692 2672 καὶ
706 2602 742 2672 τό
756 2611 875 2689 φίλους
890 2609 1066 2689 γίγνεσθαι
1077 2613 1132 2676 τοῖ,

136 2704 294 2784 ἐρασταῖς.
315 2702 452 2771 ἐπειδὰν
464 2702 500 2771 δέ
511 2702 743 2790 παιδαγωγοὺς
754 2703 988 2790 ἐπιστήσαντες
999 2703 1033 2766 οί
1043 2703 1132 2765 πατέ-

136 2823 191 2883 ρες
202 2813 270 2879 τοῖς
283 2801 459 2887 ἐρωμένοις
472 2799 516 2888 μή
529 2805 607 2869 ἐῶσι
618 2806 830 2889 διαλέγεσθαι
838 2801 917 2881 τούς
927 2798 1077 2885 ἐραστάς,
1090 2824 1133 2865 κα

135 2905 181 2989 τῶ
194 2902 393 2988 παιδαγωγῷ
411 2907 515 2966 ταῦτα
526 2907 794 2987 προστεταγμένα
805 2894 842 2989 ή,
859 2897 1029 2986 ἡλικιῶται
1042 2897 1132 2962 δέκα

134 2999 258 3083 ἑταῖροι
280 2995 499 3082 ὀνειδιῖωσιν,
521 2997 582 3065 ἐάν
603 3023 635 3065 τι
659 2994 762 3083 ὁρῶσι
784 3005 914 3065 τοιοῦτο
931 2994 1132 3081 γιγνόμενον

94 3111 116 3158 D
136 3098 190 3164 καὶ
209 3095 288 3178 τούς
306 3097 524 3178 όνειδιζοντας
541 3088 586 3163 αύ
603 3099 637 3163 οί
650 3097 868 3184 πρεσβύτεροι
879 3093 923 3183 μή
937 3091 1132 3163 διακωλύωσ

135 3196 217 3282 μηδὲ
228 3192 462 3284 λοιδορῶσιν’
439 3223 483 3276 ως
494 3193 556 3264 ούκ
569 3191 682 3282 ὀρθῶς
692 3196 865 3281 λέγοντας,
878 3201 924 3274 εςί
935 3197 970 3261 δέ
981 3190 1085 3261 ταύτύ
1098 3217 1130 3256 τι

136 3286 180 3361 αὖ
198 3293 352 3382 βλέψας
336 3293 489 3384 ηγήσαιτ’
506 3290 550 3363 δίν
565 3294 666 3364 πάλιν
683 3301 851 3379 αἴσχιστον
867 3292 905 3363 τὸ
922 3300 1068 3361 τοιοῦτοι
1088 3293 1132 3357 έν

133 3392 221 3461 θύδε
235 3400 433 3480 νομίζεσθαι.
445 3420 482 3463 το
472 3391 533 3462 δέ
532 3393 655 3481 ,ίομιιι,
667 3382 724 3460 οἷδ’
738 3397 817 3479 ἔχει·
830 3389 1033 3479 ούχαπλοῦν
1044 3392 1132 3458 ἐστίν

66 3504 89 3552 ἱ
