<?xml version="1.0" encoding="UTF-8"?>
<!DOCTYPE html PUBLIC "-//W3C//DTD XHTML 1.0 Transitional//EN"
    "http://www.w3.org/TR/xhtml1/DTD/xhtml1-transitional.dtd">
<html xmlns="http://www.w3.org/1999/xhtml" xml:lang="en" lang="en">
 <head>
  <title>
</title>
<meta http-equiv="Content-Type" content="text/html;charset=utf-8" />
  <meta name='ocr-system' content='tesseract 3.04.00' />
  <meta name='ocr-capabilities' content='ocr_page ocr_carea ocr_par ocr_line ocrx_word'/>
</head>
<body>
  <div class='ocr_page' id='page_1' title='image "./dialogisecundum03platgoog_0314.png"; bbox 0 0 2408 3780; ppageno 0'>
   <div class='ocr_carea' id='block_1_1' title="bbox 67 110 1076 184">
    <p class='ocr_par' dir='ltr' id='par_1_1' title="bbox 67 110 1076 184">
     <span class='ocr_line' id='line_1_1' title="bbox 67 110 1076 184; baseline -0.011 0"><span class='ocrx_word' id='word_1_1' title='bbox 67 131 120 184; x_wconf 66' lang='lat'><strong><em>125</em></strong></span> <span class='ocrx_word' id='word_1_2' title='bbox 462 117 692 176; x_wconf 81' lang='grc' dir='ltr'><em>ΦΑΙΔΡΟΣ.</em></span> <span class='ocrx_word' id='word_1_3' title='bbox 1013 110 1076 174; x_wconf 73' lang='lat'><strong><em>263</em></strong></span> 
     </span>
    </p>
   </div>
   <div class='ocr_carea' id='block_1_2' title="bbox 62 272 1186 3293">
    <p class='ocr_par' dir='ltr' id='par_1_2' title="bbox 155 272 1024 365">
     <span class='ocr_line' id='line_1_2' title="bbox 155 272 1024 365; baseline -0.009 -17"><span class='ocrx_word' id='word_1_4' title='bbox 155 286 244 348; x_wconf 83' lang='grc' dir='ltr'><em>ΦΑΙ.</em></span> <span class='ocrx_word' id='word_1_5' title='bbox 277 285 415 347; x_wconf 82' lang='grc' dir='ltr'><strong><em>Γελοῖον</em></strong></span> <span class='ocrx_word' id='word_1_6' title='bbox 425 277 526 365; x_wconf 85' lang='grc' dir='ltr'><strong><em>ήρου·</em></strong></span> <span class='ocrx_word' id='word_1_7' title='bbox 539 273 613 345; x_wconf 90' lang='grc' dir='ltr'><strong><em>ἀλλ’</em></strong></span> <span class='ocrx_word' id='word_1_8' title='bbox 627 272 649 343; x_wconf 85' lang='grc' dir='ltr'><strong><em>ἀ</em></strong></span> <span class='ocrx_word' id='word_1_9' title='bbox 661 276 726 364; x_wconf 78' lang='grc' dir='ltr'><strong><em>φῂς</em></strong></span> <span class='ocrx_word' id='word_1_10' title='bbox 735 272 928 361; x_wconf 86' lang='grc' dir='ltr'><strong><em>ἀκηκοέναι,</em></strong></span> <span class='ocrx_word' id='word_1_11' title='bbox 941 279 1024 360; x_wconf 80' lang='grc' dir='ltr'><strong><em>λίγε.</em></strong></span> 
     </span>
    </p>

    <p class='ocr_par' dir='ltr' id='par_1_3' title="bbox 62 371 1186 3293">
     <span class='ocr_line' id='line_1_3' title="bbox 108 371 1075 461; baseline -0.01 -15"><span class='ocrx_word' id='word_1_12' title='bbox 108 401 117 415; x_wconf 87' lang='grc'><em>·</em></span> <span class='ocrx_word' id='word_1_13' title='bbox 153 384 228 445; x_wconf 75' lang='grc' dir='ltr'><strong><em>ΣΩ.</em></strong></span> <span class='ocrx_word' id='word_1_14' title='bbox 249 377 402 445; x_wconf 85' lang='grc' dir='ltr'><strong><em>Ἤκουσα</em></strong></span> <span class='ocrx_word' id='word_1_15' title='bbox 412 381 528 443; x_wconf 91' lang='grc' dir='ltr'><strong><em>τοίνυν</em></strong></span> <span class='ocrx_word' id='word_1_16' title='bbox 545 375 620 459; x_wconf 88' lang='grc' dir='ltr'><strong><em>περὶ</em></strong></span> <span class='ocrx_word' id='word_1_17' title='bbox 631 371 826 461; x_wconf 79' lang='grc' dir='ltr'><strong><em>Ναύκρατιν</em></strong></span> <span class='ocrx_word' id='word_1_18' title='bbox 836 371 1075 459; x_wconf 77' lang='grc' dir='ltr'><strong><em>τήςΛίγόπτου</em></strong></span> 
     </span>
     <span class='ocr_line' id='line_1_4' title="bbox 66 463 1074 564; baseline -0.007 -20"><span class='ocrx_word' id='word_1_19' title='bbox 66 477 226 564; x_wconf 80' lang='grc' dir='ltr'><strong><em>γενέσθαι</em></strong></span> <span class='ocrx_word' id='word_1_20' title='bbox 242 482 310 543; x_wconf 76' lang='grc' dir='ltr'><strong><em>τῶν</em></strong></span> <span class='ocrx_word' id='word_1_21' title='bbox 321 477 391 542; x_wconf 85' lang='grc' dir='ltr'><strong><em>ἐκεῖ</em></strong></span> <span class='ocrx_word' id='word_1_22' title='bbox 403 480 554 542; x_wconf 74' lang='grc' dir='ltr'><strong><em>παλαιάν</em></strong></span> <span class='ocrx_word' id='word_1_23' title='bbox 569 469 644 540; x_wconf 91' lang='grc' dir='ltr'><strong><em>τινά</em></strong></span> <span class='ocrx_word' id='word_1_24' title='bbox 655 480 763 557; x_wconf 79' lang='grc' dir='ltr'><strong><em>θεῶν,</em></strong></span> <span class='ocrx_word' id='word_1_25' title='bbox 786 463 829 539; x_wconf 82' lang='grc' dir='ltr'><strong><em>οὗ</em></strong></span> <span class='ocrx_word' id='word_1_26' title='bbox 840 472 895 538; x_wconf 79' lang='grc' dir='ltr'><strong><em>καὶ</em></strong></span> <span class='ocrx_word' id='word_1_27' title='bbox 905 469 944 538; x_wconf 86' lang='grc' dir='ltr'><strong><em>τό</em></strong></span> <span class='ocrx_word' id='word_1_28' title='bbox 954 468 1074 553; x_wconf 78' lang='grc' dir='ltr'><strong><em>ὄρνεον</em></strong></span> 
     </span>
     <span class='ocr_line' id='line_1_5' title="bbox 65 564 1075 658; baseline -0.008 -18"><span class='ocrx_word' id='word_1_29' title='bbox 65 571 105 640; x_wconf 88' lang='grc' dir='ltr'><strong><em>τό</em></strong></span> <span class='ocrx_word' id='word_1_30' title='bbox 119 572 228 657; x_wconf 85' lang='grc' dir='ltr'><strong><em>ίερόυ,</em></strong></span> <span class='ocrx_word' id='word_1_31' title='bbox 249 568 319 658; x_wconf 81' lang='grc' dir='ltr'><strong><em>δδή</em></strong></span> <span class='ocrx_word' id='word_1_32' title='bbox 333 579 494 639; x_wconf 80' lang='grc' dir='ltr'><strong><em>καλοῦσιν</em></strong></span> <span class='ocrx_word' id='word_1_33' title='bbox 512 566 597 657; x_wconf 77' lang='grc' dir='ltr'><strong><em>ἶβιν·</em></strong></span> <span class='ocrx_word' id='word_1_34' title='bbox 616 564 707 655; x_wconf 74' lang='grc' dir='ltr'><strong><em>αὐτῷ</em></strong></span> <span class='ocrx_word' id='word_1_35' title='bbox 718 567 754 636; x_wconf 70' lang='grc' dir='ltr'><strong><em>δὲ</em></strong></span> <span class='ocrx_word' id='word_1_36' title='bbox 766 566 872 653; x_wconf 83' lang='grc' dir='ltr'><strong><em>ὄνομα</em></strong></span> <span class='ocrx_word' id='word_1_37' title='bbox 883 575 930 658; x_wconf 75' lang='grc' dir='ltr'><strong><em>τῷ</em></strong></span> <span class='ocrx_word' id='word_1_38' title='bbox 941 570 1075 652; x_wconf 75' lang='grc' dir='ltr'><strong><em>δαίμονι</em></strong></span> 
     </span>
     <span class='ocr_line' id='line_1_6' title="bbox 67 661 1075 752; baseline -0.006 -15"><span class='ocrx_word' id='word_1_39' title='bbox 67 668 153 738; x_wconf 80' lang='grc' dir='ltr'><strong><em>εἶναι</em></strong></span> <span class='ocrx_word' id='word_1_40' title='bbox 165 669 270 737; x_wconf 80' lang='grc' dir='ltr'><strong><em>Θεόθ.</em></strong></span> <span class='ocrx_word' id='word_1_41' title='bbox 291 676 413 736; x_wconf 76' lang='grc' dir='ltr'><strong><em>τοῦτον</em></strong></span> <span class='ocrx_word' id='word_1_42' title='bbox 425 667 461 736; x_wconf 71' lang='grc' dir='ltr'><strong><em>δὲ</em></strong></span> <span class='ocrx_word' id='word_1_43' title='bbox 477 673 612 751; x_wconf 82' lang='grc' dir='ltr'><strong><em>πρῶτον</em></strong></span> <span class='ocrx_word' id='word_1_44' title='bbox 628 661 776 752; x_wconf 77' lang='grc' dir='ltr'><strong><em>ἀριθμόν</em></strong></span> <span class='ocrx_word' id='word_1_45' title='bbox 791 691 826 732; x_wconf 87' lang='grc' dir='ltr'><strong><em>τε</em></strong></span> <span class='ocrx_word' id='word_1_46' title='bbox 844 668 899 734; x_wconf 81' lang='grc' dir='ltr'><strong><em>καὶ</em></strong></span> <span class='ocrx_word' id='word_1_47' title='bbox 916 665 1075 752; x_wconf 90' lang='grc' dir='ltr'><strong><em>λογισμόν</em></strong></span> 
     </span>
     <span class='ocr_line' id='line_1_7' title="bbox 68 760 1116 851; baseline -0.006 -16"><span class='ocrx_word' id='word_1_48' title='bbox 68 764 180 850; x_wconf 78' lang='grc' dir='ltr'><strong><em>εὑρεῖν</em></strong></span> <span class='ocrx_word' id='word_1_49' title='bbox 190 770 245 835; x_wconf 85' lang='grc' dir='ltr'><strong><em>καὶ</em></strong></span> <span class='ocrx_word' id='word_1_50' title='bbox 253 770 455 851; x_wconf 89' lang='grc' dir='ltr'><strong><em>γεωμετρίαν</em></strong></span> <span class='ocrx_word' id='word_1_51' title='bbox 466 764 522 831; x_wconf 83' lang='grc' dir='ltr'><strong><em>καὶ</em></strong></span> <span class='ocrx_word' id='word_1_52' title='bbox 532 760 765 850; x_wconf 80' lang='grc' dir='ltr'><strong><em>ἀστρονομίαν,</em></strong></span> <span class='ocrx_word' id='word_1_53' title='bbox 778 767 826 831; x_wconf 81' lang='grc' dir='ltr'><strong><em>ἔτι</em></strong></span> <span class='ocrx_word' id='word_1_54' title='bbox 837 763 872 832; x_wconf 74' lang='grc' dir='ltr'><strong><em>δὲ</em></strong></span> <span class='ocrx_word' id='word_1_55' title='bbox 883 770 1030 842; x_wconf 85' lang='grc' dir='ltr'><strong><em>πεττείας</em></strong></span> <span class='ocrx_word' id='word_1_56' title='bbox 1039 789 1075 830; x_wconf 93' lang='grc' dir='ltr'><strong><em>τε</em></strong></span> <span class='ocrx_word' id='word_1_57' title='bbox 1094 779 1116 829; x_wconf 82' lang='grc' dir='ltr'><strong><em>Ι)</em></strong></span> 
     </span>
     <span class='ocr_line' id='line_1_8' title="bbox 68 853 1075 956; baseline -0.002 -27"><span class='ocrx_word' id='word_1_58' title='bbox 68 866 124 932; x_wconf 87' lang='grc' dir='ltr'><strong><em>καὶ</em></strong></span> <span class='ocrx_word' id='word_1_59' title='bbox 141 869 291 956; x_wconf 90' lang='grc' dir='ltr'><strong><em>κυβείας,</em></strong></span> <span class='ocrx_word' id='word_1_60' title='bbox 315 864 371 932; x_wconf 85' lang='grc' dir='ltr'><strong><em>καὶ</em></strong></span> <span class='ocrx_word' id='word_1_61' title='bbox 388 860 429 948; x_wconf 85' lang='grc' dir='ltr'><strong><em>δή</em></strong></span> <span class='ocrx_word' id='word_1_62' title='bbox 446 864 501 930; x_wconf 87' lang='grc' dir='ltr'><strong><em>καὶ</em></strong></span> <span class='ocrx_word' id='word_1_63' title='bbox 517 859 708 948; x_wconf 87' lang='grc' dir='ltr'><strong><em>γράμματα·</em></strong></span> <span class='ocrx_word' id='word_1_64' title='bbox 730 864 890 948; x_wconf 80' lang='grc' dir='ltr'><strong><em>βασιλέως</em></strong></span> <span class='ocrx_word' id='word_1_65' title='bbox 901 859 932 928; x_wconf 83' lang='grc' dir='ltr'><strong><em>δ’</em></strong></span> <span class='ocrx_word' id='word_1_66' title='bbox 947 853 991 929; x_wconf 80' lang='grc' dir='ltr'><strong><em>αὖ</em></strong></span> <span class='ocrx_word' id='word_1_67' title='bbox 1001 860 1075 929; x_wconf 90' lang='grc' dir='ltr'><strong><em>τότε</em></strong></span> 
     </span>
     <span class='ocr_line' id='line_1_9' title="bbox 67 956 1075 1046; baseline -0.002 -20"><span class='ocrx_word' id='word_1_68' title='bbox 67 960 166 1040; x_wconf 87' lang='grc' dir='ltr'><strong><em>όντος</em></strong></span> <span class='ocrx_word' id='word_1_69' title='bbox 176 960 351 1045; x_wconf 86' lang='grc' dir='ltr'><strong><em>Αίγάπτου</em></strong></span> <span class='ocrx_word' id='word_1_70' title='bbox 368 958 447 1045; x_wconf 89' lang='grc' dir='ltr'><strong><em>όλης</em></strong></span> <span class='ocrx_word' id='word_1_71' title='bbox 464 966 581 1045; x_wconf 78' lang='grc' dir='ltr'><strong><em>Θαμοῦ</em></strong></span> <span class='ocrx_word' id='word_1_72' title='bbox 593 961 668 1041; x_wconf 79' lang='grc' dir='ltr'><strong><em>περὶ</em></strong></span> <span class='ocrx_word' id='word_1_73' title='bbox 678 956 740 1046; x_wconf 82' lang='grc' dir='ltr'><strong><em>τήν</em></strong></span> <span class='ocrx_word' id='word_1_74' title='bbox 749 957 896 1046; x_wconf 79' lang='grc' dir='ltr'><strong><em>μεγάλην</em></strong></span> <span class='ocrx_word' id='word_1_75' title='bbox 906 960 1003 1027; x_wconf 90' lang='grc' dir='ltr'><strong><em>πόλιν</em></strong></span> <span class='ocrx_word' id='word_1_76' title='bbox 1014 964 1075 1025; x_wconf 85' lang='grc' dir='ltr'><strong><em>τοῦ</em></strong></span> 
     </span>
     <span class='ocr_line' id='line_1_10' title="bbox 64 1054 1075 1144; baseline -0.001 -19"><span class='ocrx_word' id='word_1_77' title='bbox 64 1059 141 1126; x_wconf 82' lang='grc' dir='ltr'><strong><em>ἀνω</em></strong></span> <span class='ocrx_word' id='word_1_78' title='bbox 152 1058 269 1141; x_wconf 83' lang='grc' dir='ltr'><strong><em>τόπον,</em></strong></span> <span class='ocrx_word' id='word_1_79' title='bbox 281 1054 323 1144; x_wconf 81' lang='grc' dir='ltr'><strong><em>ἣν</em></strong></span> <span class='ocrx_word' id='word_1_80' title='bbox 334 1061 368 1125; x_wconf 84' lang='grc' dir='ltr'><strong><em>οί</em></strong></span> <span class='ocrx_word' id='word_1_81' title='bbox 378 1055 533 1144; x_wconf 84' lang='grc' dir='ltr'><strong><em>Ἕλληνες</em></strong></span> <span class='ocrx_word' id='word_1_82' title='bbox 542 1063 726 1142; x_wconf 77' lang='grc' dir='ltr'><strong><em>Αἰγυπτίας</em></strong></span> <span class='ocrx_word' id='word_1_83' title='bbox 736 1056 848 1144; x_wconf 81' lang='grc' dir='ltr'><strong><em>Θήβας</em></strong></span> <span class='ocrx_word' id='word_1_84' title='bbox 858 1065 1007 1142; x_wconf 85' lang='grc' dir='ltr'><strong><em>καλοῦσι,</em></strong></span> <span class='ocrx_word' id='word_1_85' title='bbox 1019 1058 1075 1124; x_wconf 75' lang='grc' dir='ltr'><strong><em>καὶ</em></strong></span> 
     </span>
     <span class='ocr_line' id='line_1_11' title="bbox 67 1149 1075 1242; baseline -0.002 -20"><span class='ocrx_word' id='word_1_86' title='bbox 67 1153 227 1224; x_wconf 85' lang='grc' dir='ltr'><strong><em>τὸνθεόν</em></strong></span> <span class='ocrx_word' id='word_1_87' title='bbox 243 1153 418 1242; x_wconf 71' lang='grc' dir='ltr'><strong><em>Ἄμμωνα,</em></strong></span> <span class='ocrx_word' id='word_1_88' title='bbox 441 1152 531 1240; x_wconf 82' lang='grc' dir='ltr'><strong><em>παρὰ</em></strong></span> <span class='ocrx_word' id='word_1_89' title='bbox 542 1161 663 1222; x_wconf 79' lang='grc' dir='ltr'><strong><em>τοῦτον</em></strong></span> <span class='ocrx_word' id='word_1_90' title='bbox 673 1149 816 1221; x_wconf 79' lang='grc' dir='ltr'><strong><em>ἐλθάνό</em></strong></span> <span class='ocrx_word' id='word_1_91' title='bbox 830 1152 926 1222; x_wconf 58' lang='lat' dir='ltr'><strong><em>&amp;aba</em></strong></span> <span class='ocrx_word' id='word_1_92' title='bbox 943 1152 1001 1232; x_wconf 91' lang='grc' dir='ltr'><strong><em>τάς</em></strong></span> <span class='ocrx_word' id='word_1_93' title='bbox 1021 1156 1075 1221; x_wconf 83' lang='grc' dir='ltr'><strong><em>τί-</em></strong></span> 
     </span>
     <span class='ocr_line' id='line_1_12' title="bbox 69 1252 1072 1340; baseline 0 -22"><span class='ocrx_word' id='word_1_94' title='bbox 69 1279 152 1340; x_wconf 86' lang='grc' dir='ltr'><strong><em>χνας</em></strong></span> <span class='ocrx_word' id='word_1_95' title='bbox 163 1256 321 1340; x_wconf 81' lang='grc' dir='ltr'><strong><em>ἐπέδειξε,</em></strong></span> <span class='ocrx_word' id='word_1_96' title='bbox 333 1254 388 1321; x_wconf 82' lang='grc' dir='ltr'><strong><em>καὶ</em></strong></span> <span class='ocrx_word' id='word_1_97' title='bbox 399 1257 461 1338; x_wconf 82' lang='grc' dir='ltr'><strong><em>ἔφη</em></strong></span> <span class='ocrx_word' id='word_1_98' title='bbox 474 1255 545 1319; x_wconf 90' lang='grc' dir='ltr'><strong><em>δεῖν</em></strong></span> <span class='ocrx_word' id='word_1_99' title='bbox 556 1254 754 1336; x_wconf 73' lang='grc' dir='ltr'><strong><em>διαδοθῆναι</em></strong></span> <span class='ocrx_word' id='word_1_100' title='bbox 764 1265 833 1330; x_wconf 82' lang='grc' dir='ltr'><strong><em>τοῖς</em></strong></span> <span class='ocrx_word' id='word_1_101' title='bbox 843 1252 956 1331; x_wconf 86' lang='grc' dir='ltr'><strong><em>ἀλλοις</em></strong></span> <span class='ocrx_word' id='word_1_102' title='bbox 966 1257 1072 1336; x_wconf 83' lang='grc' dir='ltr'><strong><em>Λίγυ-</em></strong></span> 
     </span>
     <span class='ocr_line' id='line_1_13' title="bbox 64 1345 1074 1438; baseline 0.001 -21"><span class='ocrx_word' id='word_1_103' title='bbox 64 1357 181 1426; x_wconf 90' lang='grc' dir='ltr'><strong><em>πτίοις.</em></strong></span> <span class='ocrx_word' id='word_1_104' title='bbox 194 1346 371 1438; x_wconf 70' lang='grc' dir='ltr'><strong><em>ὁδὲήρετο,</em></strong></span> <span class='ocrx_word' id='word_1_105' title='bbox 379 1348 498 1436; x_wconf 87' lang='grc' dir='ltr'><strong><em>ήντινα</em></strong></span> <span class='ocrx_word' id='word_1_106' title='bbox 507 1348 627 1434; x_wconf 82' lang='grc' dir='ltr'><strong><em>ἑκάστη</em></strong></span> <span class='ocrx_word' id='word_1_107' title='bbox 637 1354 704 1436; x_wconf 80' lang='grc' dir='ltr'><strong><em>ἔχοι</em></strong></span> <span class='ocrx_word' id='word_1_108' title='bbox 714 1345 888 1436; x_wconf 81' lang='grc' dir='ltr'><strong><em>ἀφέλειαν,</em></strong></span> <span class='ocrx_word' id='word_1_109' title='bbox 898 1350 1074 1431; x_wconf 83' lang='grc' dir='ltr'><strong><em>διεξιόντος</em></strong></span> 
     </span>
     <span class='ocr_line' id='line_1_14' title="bbox 64 1444 1071 1534; baseline -0.001 -19"><span class='ocrx_word' id='word_1_110' title='bbox 64 1450 121 1534; x_wconf 82' lang='grc' dir='ltr'><strong><em>δέ,</em></strong></span> <span class='ocrx_word' id='word_1_111' title='bbox 144 1445 205 1515; x_wconf 89' lang='grc' dir='ltr'><strong><em>ότι</em></strong></span> <span class='ocrx_word' id='word_1_112' title='bbox 216 1456 323 1527; x_wconf 79' lang='grc' dir='ltr'><strong><em>καλῶς</em></strong></span> <span class='ocrx_word' id='word_1_113' title='bbox 333 1444 356 1534; x_wconf 84' lang='grc' dir='ltr'><strong><em>ή</em></strong></span> <span class='ocrx_word' id='word_1_114' title='bbox 367 1447 412 1534; x_wconf 87' lang='grc' dir='ltr'><strong><em>μή</em></strong></span> <span class='ocrx_word' id='word_1_115' title='bbox 423 1455 531 1526; x_wconf 81' lang='grc' dir='ltr'><strong><em>καλῶς</em></strong></span> <span class='ocrx_word' id='word_1_116' title='bbox 542 1451 639 1515; x_wconf 87' lang='grc' dir='ltr'><strong><em>δοκοῖ</em></strong></span> <span class='ocrx_word' id='word_1_117' title='bbox 645 1451 767 1533; x_wconf 82' lang='grc' dir='ltr'><strong><em>λέγειν,</em></strong></span> <span class='ocrx_word' id='word_1_118' title='bbox 789 1444 826 1514; x_wconf 87' lang='grc' dir='ltr'><strong><em>τό</em></strong></span> <span class='ocrx_word' id='word_1_119' title='bbox 839 1449 900 1533; x_wconf 73' lang='grc' dir='ltr'><strong><em>μὲν</em></strong></span> <span class='ocrx_word' id='word_1_120' title='bbox 911 1453 1023 1532; x_wconf 80' lang='grc' dir='ltr'><strong><em>ἔψεγε,</em></strong></span> <span class='ocrx_word' id='word_1_121' title='bbox 1035 1446 1071 1515; x_wconf 87' lang='grc' dir='ltr'><strong><em>τό</em></strong></span> 
     </span>
     <span class='ocr_line' id='line_1_15' title="bbox 68 1543 1112 1635; baseline -0.003 -23"><span class='ocrx_word' id='word_1_122' title='bbox 68 1543 102 1612; x_wconf 87' lang='grc' dir='ltr'><strong><em>δ’</em></strong></span> <span class='ocrx_word' id='word_1_123' title='bbox 115 1546 236 1635; x_wconf 78' lang='grc' dir='ltr'><strong><em>ἐπήνει.</em></strong></span> <span class='ocrx_word' id='word_1_124' title='bbox 261 1546 367 1614; x_wconf 89' lang='grc' dir='ltr'><strong><em>πολλά</em></strong></span> <span class='ocrx_word' id='word_1_125' title='bbox 385 1547 447 1632; x_wconf 75' lang='grc' dir='ltr'><strong><em>μὲν</em></strong></span> <span class='ocrx_word' id='word_1_126' title='bbox 459 1543 500 1631; x_wconf 84' lang='grc' dir='ltr'><strong><em>δή</em></strong></span> <span class='ocrx_word' id='word_1_127' title='bbox 512 1549 586 1627; x_wconf 76' lang='grc' dir='ltr'><strong><em>περὶ</em></strong></span> <span class='ocrx_word' id='word_1_128' title='bbox 602 1544 741 1630; x_wconf 81' lang='grc' dir='ltr'><strong><em>ἑκάστης</em></strong></span> <span class='ocrx_word' id='word_1_129' title='bbox 750 1551 808 1630; x_wconf 83' lang='grc' dir='ltr'><strong><em>τής</em></strong></span> <span class='ocrx_word' id='word_1_130' title='bbox 819 1549 933 1632; x_wconf 78' lang='grc' dir='ltr'><strong><em>τέχνης</em></strong></span> <span class='ocrx_word' id='word_1_131' title='bbox 944 1543 995 1614; x_wconf 80' lang='grc' dir='ltr'><strong><em>ἐπ’</em></strong></span> <span class='ocrx_word' id='word_1_132' title='bbox 1008 1544 1073 1631; x_wconf 82' lang='grc' dir='ltr'><strong><em>ἀμ·</em></strong></span> <span class='ocrx_word' id='word_1_133' title='bbox 1090 1559 1112 1609; x_wconf 82' lang='grc' dir='ltr'><strong>Ε</strong></span> 
     </span>
     <span class='ocr_line' id='line_1_16' title="bbox 63 1639 1074 1732; baseline 0.003 -24"><span class='ocrx_word' id='word_1_134' title='bbox 63 1641 194 1727; x_wconf 89' lang='grc' dir='ltr'><strong><em>-φότερα</em></strong></span> <span class='ocrx_word' id='word_1_135' title='bbox 207 1649 346 1728; x_wconf 77' lang='grc' dir='ltr'><strong><em>Θαμοῦν</em></strong></span> <span class='ocrx_word' id='word_1_136' title='bbox 356 1649 401 1732; x_wconf 78' lang='grc' dir='ltr'><strong><em>τῷ</em></strong></span> <span class='ocrx_word' id='word_1_137' title='bbox 416 1640 510 1709; x_wconf 59' lang='lat' dir='ltr'><strong><em>&amp;aba</em></strong></span> <span class='ocrx_word' id='word_1_138' title='bbox 521 1644 649 1727; x_wconf 82' lang='grc' dir='ltr'><strong><em>λέγεται</em></strong></span> <span class='ocrx_word' id='word_1_139' title='bbox 659 1639 916 1728; x_wconf 74' lang='grc' dir='ltr'><strong><em>ἀποφήνασθαι,</em></strong></span> <span class='ocrx_word' id='word_1_140' title='bbox 939 1641 961 1710; x_wconf 85' lang='grc' dir='ltr'><strong><em>ἀ</em></strong></span> <span class='ocrx_word' id='word_1_141' title='bbox 975 1644 1074 1728; x_wconf 92' lang='grc' dir='ltr'><strong><em>λόγος</em></strong></span> 
     </span>
     <span class='ocr_line' id='line_1_17' title="bbox 70 1734 1072 1826; baseline 0.003 -21"><span class='ocrx_word' id='word_1_142' title='bbox 70 1738 175 1818; x_wconf 84' lang='grc' dir='ltr'><strong><em>πολδς</em></strong></span> <span class='ocrx_word' id='word_1_143' title='bbox 186 1736 229 1808; x_wconf 85' lang='grc' dir='ltr'><strong><em>ἀν</em></strong></span> <span class='ocrx_word' id='word_1_144' title='bbox 247 1751 296 1826; x_wconf 87' lang='grc' dir='ltr'><strong><em>είη</em></strong></span> <span class='ocrx_word' id='word_1_145' title='bbox 315 1744 476 1808; x_wconf 77' lang='grc' dir='ltr'><strong><em>διελθεῖν·</em></strong></span> <span class='ocrx_word' id='word_1_146' title='bbox 499 1739 610 1826; x_wconf 79' lang='grc' dir='ltr'><strong><em>ἐπειδή</em></strong></span> <span class='ocrx_word' id='word_1_147' title='bbox 624 1740 660 1808; x_wconf 74' lang='grc' dir='ltr'><strong><em>δὲ</em></strong></span> <span class='ocrx_word' id='word_1_148' title='bbox 677 1741 729 1808; x_wconf 82' lang='grc' dir='ltr'><strong><em>ἐπὶ</em></strong></span> <span class='ocrx_word' id='word_1_149' title='bbox 739 1754 807 1819; x_wconf 88' lang='grc' dir='ltr'><strong><em>τοῖς</em></strong></span> <span class='ocrx_word' id='word_1_150' title='bbox 816 1741 1007 1826; x_wconf 90' lang='grc' dir='ltr'><strong><em>γράμμασιν</em></strong></span> <span class='ocrx_word' id='word_1_151' title='bbox 1019 1734 1072 1826; x_wconf 86' lang='grc' dir='ltr'><strong><em>ήν,</em></strong></span> 
     </span>
     <span class='ocr_line' id='line_1_18' title="bbox 70 1830 1186 1925; baseline 0.003 -22"><span class='ocrx_word' id='word_1_152' title='bbox 70 1845 165 1906; x_wconf 84' lang='grc' dir='ltr'><strong><em>τοῦτο</em></strong></span> <span class='ocrx_word' id='word_1_153' title='bbox 179 1843 225 1923; x_wconf 80' lang='grc' dir='ltr'><strong><em>δέ,</em></strong></span> <span class='ocrx_word' id='word_1_154' title='bbox 238 1830 422 1925; x_wconf 80' lang='grc' dir='ltr'><strong><em>ἀβασιλεῦ,</em></strong></span> <span class='ocrx_word' id='word_1_155' title='bbox 434 1837 471 1906; x_wconf 88' lang='grc' dir='ltr'><strong><em>τό</em></strong></span> <span class='ocrx_word' id='word_1_156' title='bbox 482 1837 631 1923; x_wconf 86' lang='grc' dir='ltr'><strong><em>μάθημα,</em></strong></span> <span class='ocrx_word' id='word_1_157' title='bbox 642 1843 706 1924; x_wconf 78' lang='grc' dir='ltr'><strong><em>ἔφη</em></strong></span> <span class='ocrx_word' id='word_1_158' title='bbox 717 1834 734 1906; x_wconf 89' lang='grc' dir='ltr'><strong><em>ὁ</em></strong></span> <span class='ocrx_word' id='word_1_159' title='bbox 745 1838 851 1922; x_wconf 78' lang='grc' dir='ltr'><strong><em>Θεόθ,</em></strong></span> <span class='ocrx_word' id='word_1_160' title='bbox 863 1840 1073 1923; x_wconf 78' lang='grc' dir='ltr'><strong><em>σοφωτέρους</em></strong></span> <span class='ocrx_word' id='word_1_161' title='bbox 1183 1909 1186 1913; x_wconf 76' lang='grc'><strong><em>,</em></strong></span> 
     </span>
     <span class='ocr_line' id='line_1_19' title="bbox 69 1937 1072 2024; baseline 0.004 -22"><span class='ocrx_word' id='word_1_162' title='bbox 69 1941 271 2019; x_wconf 81' lang='grc' dir='ltr'><strong><em>Αἰγυπτίους</em></strong></span> <span class='ocrx_word' id='word_1_163' title='bbox 281 1938 336 2004; x_wconf 82' lang='grc' dir='ltr'><strong><em>καὶ</em></strong></span> <span class='ocrx_word' id='word_1_164' title='bbox 346 1938 655 2023; x_wconf 84' lang='grc' dir='ltr'><strong><em>μνημονικωτὲρους</em></strong></span> <span class='ocrx_word' id='word_1_165' title='bbox 667 1941 810 2022; x_wconf 81' lang='grc' dir='ltr'><strong><em>παρέξει·</em></strong></span> <span class='ocrx_word' id='word_1_166' title='bbox 823 1937 952 2023; x_wconf 82' lang='grc' dir='ltr'><strong><em>μνήμης</em></strong></span> <span class='ocrx_word' id='word_1_167' title='bbox 962 1964 997 2006; x_wconf 91' lang='grc' dir='ltr'><strong><em>τε</em></strong></span> <span class='ocrx_word' id='word_1_168' title='bbox 1007 1938 1072 2024; x_wconf 91' lang='grc' dir='ltr'><strong><em>γάρ</em></strong></span> 
     </span>
     <span class='ocr_line' id='line_1_20' title="bbox 68 2025 1072 2119; baseline 0.004 -22"><span class='ocrx_word' id='word_1_169' title='bbox 68 2034 123 2100; x_wconf 83' lang='grc' dir='ltr'><strong><em>καὶ</em></strong></span> <span class='ocrx_word' id='word_1_170' title='bbox 135 2038 252 2117; x_wconf 83' lang='grc' dir='ltr'><strong><em>σοφίας</em></strong></span> <span class='ocrx_word' id='word_1_171' title='bbox 263 2034 442 2118; x_wconf 88' lang='grc' dir='ltr'><strong><em>φάρμακον</em></strong></span> <span class='ocrx_word' id='word_1_172' title='bbox 455 2029 587 2119; x_wconf 82' lang='grc' dir='ltr'><strong><em>εὑρέθη.</em></strong></span> <span class='ocrx_word' id='word_1_173' title='bbox 609 2030 673 2102; x_wconf 50' lang='grc' dir='ltr'><strong><em>δ’δ’</em></strong></span> <span class='ocrx_word' id='word_1_174' title='bbox 687 2031 793 2101; x_wconf 74' lang='grc' dir='ltr'><strong><em>εἶπεν·</em></strong></span> <span class='ocrx_word' id='word_1_175' title='bbox 816 2025 844 2100; x_wconf 75' lang='grc' dir='ltr'><strong><em>ω’</em></strong></span> <span class='ocrx_word' id='word_1_176' title='bbox 856 2034 1072 2119; x_wconf 77' lang='grc' dir='ltr'><strong><em>τεχνικοίτατε</em></strong></span> 
     </span>
     <span class='ocr_line' id='line_1_21' title="bbox 64 2126 1073 2218; baseline 0.003 -22"><span class='ocrx_word' id='word_1_177' title='bbox 64 2127 181 2214; x_wconf 77' lang='grc' dir='ltr'><strong><em>Θεάθ,</em></strong></span> <span class='ocrx_word' id='word_1_178' title='bbox 199 2126 297 2208; x_wconf 86' lang='grc' dir='ltr'><strong><em>ἀλλος</em></strong></span> <span class='ocrx_word' id='word_1_179' title='bbox 310 2129 372 2214; x_wconf 73' lang='grc' dir='ltr'><strong><em>μὲν</em></strong></span> <span class='ocrx_word' id='word_1_180' title='bbox 386 2143 492 2198; x_wconf 87' lang='grc' dir='ltr'><strong><em>τεκεῖν</em></strong></span> <span class='ocrx_word' id='word_1_181' title='bbox 509 2129 650 2208; x_wconf 82' lang='grc' dir='ltr'><strong><em>δυνατὸς</em></strong></span> <span class='ocrx_word' id='word_1_182' title='bbox 661 2128 701 2198; x_wconf 91' lang='grc' dir='ltr'><strong><em>τά</em></strong></span> <span class='ocrx_word' id='word_1_183' title='bbox 711 2137 769 2218; x_wconf 87' lang='grc' dir='ltr'><strong><em>τής</em></strong></span> <span class='ocrx_word' id='word_1_184' title='bbox 779 2134 908 2218; x_wconf 83' lang='grc' dir='ltr'><strong><em>τέχνης,</em></strong></span> <span class='ocrx_word' id='word_1_185' title='bbox 928 2130 1026 2210; x_wconf 86' lang='grc' dir='ltr'><strong><em>ἀλλος</em></strong></span> <span class='ocrx_word' id='word_1_186' title='bbox 1037 2131 1073 2199; x_wconf 69' lang='grc' dir='ltr'><strong><em>δὲ</em></strong></span> 
     </span>
     <span class='ocr_line' id='line_1_22' title="bbox 68 2225 1072 2315; baseline 0.003 -21"><span class='ocrx_word' id='word_1_187' title='bbox 68 2239 194 2310; x_wconf 89' lang='grc' dir='ltr'><strong><em>κρῖναι,</em></strong></span> <span class='ocrx_word' id='word_1_188' title='bbox 214 2225 276 2293; x_wconf 82' lang='grc' dir='ltr'><strong><em>τίν’</em></strong></span> <span class='ocrx_word' id='word_1_189' title='bbox 291 2231 355 2311; x_wconf 76' lang='grc' dir='ltr'><strong><em>ἔχει</em></strong></span> <span class='ocrx_word' id='word_1_190' title='bbox 367 2240 487 2312; x_wconf 84' lang='grc' dir='ltr'><strong><em>μοῖραν</em></strong></span> <span class='ocrx_word' id='word_1_191' title='bbox 496 2228 623 2315; x_wconf 81' lang='grc' dir='ltr'><strong><em>βλάβης</em></strong></span> <span class='ocrx_word' id='word_1_192' title='bbox 633 2254 667 2294; x_wconf 90' lang='grc' dir='ltr'><strong><em>τε</em></strong></span> <span class='ocrx_word' id='word_1_193' title='bbox 679 2231 734 2295; x_wconf 80' lang='grc' dir='ltr'><strong><em>καὶ</em></strong></span> <span class='ocrx_word' id='word_1_194' title='bbox 744 2225 903 2314; x_wconf 87' lang='grc' dir='ltr'><strong><em>ω’φελείας</em></strong></span> <span class='ocrx_word' id='word_1_195' title='bbox 914 2243 982 2307; x_wconf 88' lang='grc' dir='ltr'><strong><em>τοῖς</em></strong></span> <span class='ocrx_word' id='word_1_196' title='bbox 992 2232 1072 2314; x_wconf 81' lang='grc' dir='ltr'><strong><em>με’λ-</em></strong></span> 
     </span>
     <span class='ocr_line' id='line_1_23' title="bbox 65 2322 1141 2412; baseline 0.005 -21"><span class='ocrx_word' id='word_1_197' title='bbox 65 2333 165 2391; x_wconf 91' lang='grc' dir='ltr'><strong><em>λουσι</em></strong></span> <span class='ocrx_word' id='word_1_198' title='bbox 179 2332 338 2410; x_wconf 80' lang='grc' dir='ltr'><strong><em>χρῆσθαι·</em></strong></span> <span class='ocrx_word' id='word_1_199' title='bbox 362 2328 417 2392; x_wconf 80' lang='grc' dir='ltr'><strong><em>καὶ</em></strong></span> <span class='ocrx_word' id='word_1_200' title='bbox 433 2333 499 2393; x_wconf 81' lang='grc' dir='ltr'><strong><em>νῦν</em></strong></span> <span class='ocrx_word' id='word_1_201' title='bbox 516 2326 577 2410; x_wconf 87' lang='grc' dir='ltr'><strong><em>σό,</em></strong></span> <span class='ocrx_word' id='word_1_202' title='bbox 598 2324 707 2412; x_wconf 86' lang='grc' dir='ltr'><strong><em>πατήρ</em></strong></span> <span class='ocrx_word' id='word_1_203' title='bbox 722 2322 770 2393; x_wconf 81' lang='grc' dir='ltr'><strong><em>ἀίν</em></strong></span> <span class='ocrx_word' id='word_1_204' title='bbox 786 2327 1003 2412; x_wconf 85' lang='grc' dir='ltr'><strong><em>γραμμάτων,</em></strong></span> <span class='ocrx_word' id='word_1_205' title='bbox 1026 2325 1070 2394; x_wconf 91' lang='grc' dir='ltr'><strong><em>δι’</em></strong></span> <span class='ocrx_word' id='word_1_206' title='bbox 1088 2341 1141 2396; x_wconf 75' lang='lat'><strong><em>2⁷5</em></strong></span> 
     </span>
     <span class='ocr_line' id='line_1_24' title="bbox 65 2418 1072 2510; baseline 0.001 -20"><span class='ocrx_word' id='word_1_207' title='bbox 65 2421 204 2490; x_wconf 77' lang='grc' dir='ltr'><strong><em>εὔνοιαν</em></strong></span> <span class='ocrx_word' id='word_1_208' title='bbox 214 2421 413 2491; x_wconf 83' lang='grc' dir='ltr'><strong><em>τούναντίον</em></strong></span> <span class='ocrx_word' id='word_1_209' title='bbox 431 2421 518 2502; x_wconf 79' lang='grc' dir='ltr'><strong><em>εἶπες</em></strong></span> <span class='ocrx_word' id='word_1_210' title='bbox 532 2418 555 2509; x_wconf 86' lang='grc' dir='ltr'><strong><em>ή</em></strong></span> <span class='ocrx_word' id='word_1_211' title='bbox 568 2421 715 2490; x_wconf 83' lang='grc' dir='ltr'><strong><em>δύναται.</em></strong></span> <span class='ocrx_word' id='word_1_212' title='bbox 739 2430 838 2489; x_wconf 78' lang='grc' dir='ltr'><strong><em>τοῦτο</em></strong></span> <span class='ocrx_word' id='word_1_213' title='bbox 850 2424 915 2509; x_wconf 85' lang='grc' dir='ltr'><strong><em>γάρ</em></strong></span> <span class='ocrx_word' id='word_1_214' title='bbox 926 2432 994 2491; x_wconf 77' lang='grc' dir='ltr'><strong><em>των</em></strong></span> <span class='ocrx_word' id='word_1_215' title='bbox 1007 2451 1072 2510; x_wconf 93' lang='grc' dir='ltr'><strong><em>μα-</em></strong></span> 
     </span>
     <span class='ocr_line' id='line_1_25' title="bbox 71 2518 1071 2610; baseline 0.003 -22"><span class='ocrx_word' id='word_1_216' title='bbox 71 2520 203 2588; x_wconf 89' lang='grc' dir='ltr'><strong><em>θόντων</em></strong></span> <span class='ocrx_word' id='word_1_217' title='bbox 213 2520 323 2606; x_wconf 88' lang='grc' dir='ltr'><strong><em>λήθην</em></strong></span> <span class='ocrx_word' id='word_1_218' title='bbox 336 2521 397 2607; x_wconf 71' lang='grc' dir='ltr'><strong><em>μὲν</em></strong></span> <span class='ocrx_word' id='word_1_219' title='bbox 407 2524 444 2590; x_wconf 81' lang='grc' dir='ltr'><strong><em>ἐν</em></strong></span> <span class='ocrx_word' id='word_1_220' title='bbox 454 2535 572 2607; x_wconf 81' lang='grc' dir='ltr'><strong><em>ψυχαῖς</em></strong></span> <span class='ocrx_word' id='word_1_221' title='bbox 583 2525 715 2605; x_wconf 75' lang='grc' dir='ltr'><strong><em>παρέξει</em></strong></span> <span class='ocrx_word' id='word_1_222' title='bbox 725 2520 855 2608; x_wconf 90' lang='grc' dir='ltr'><strong><em>μνήμης</em></strong></span> <span class='ocrx_word' id='word_1_223' title='bbox 865 2518 1071 2610; x_wconf 85' lang='grc' dir='ltr'><strong><em>ἀμελετησίμ,</em></strong></span> 
     </span>
     <span class='ocr_line' id='line_1_26' title="bbox 63 2615 1072 2705; baseline 0.004 -20"><span class='ocrx_word' id='word_1_224' title='bbox 63 2616 125 2685; x_wconf 84' lang='grc' dir='ltr'><strong><em>ἀτε</em></strong></span> <span class='ocrx_word' id='word_1_225' title='bbox 138 2616 191 2686; x_wconf 93' lang='grc' dir='ltr'><strong><em>διά</em></strong></span> <span class='ocrx_word' id='word_1_226' title='bbox 202 2625 313 2686; x_wconf 89' lang='grc' dir='ltr'><strong><em>πίστιν</em></strong></span> <span class='ocrx_word' id='word_1_227' title='bbox 325 2626 454 2705; x_wconf 86' lang='grc' dir='ltr'><strong><em>γραφῆς</em></strong></span> <span class='ocrx_word' id='word_1_228' title='bbox 466 2626 591 2698; x_wconf 81' lang='grc' dir='ltr'><strong><em>ἔξωθεν</em></strong></span> <span class='ocrx_word' id='word_1_229' title='bbox 602 2615 661 2687; x_wconf 81' lang='grc' dir='ltr'><strong><em>ὑπ’</em></strong></span> <span class='ocrx_word' id='word_1_230' title='bbox 673 2615 854 2699; x_wconf 89' lang='grc' dir='ltr'><strong><em>ἀλλοτρίων</em></strong></span> <span class='ocrx_word' id='word_1_231' title='bbox 864 2620 996 2705; x_wconf 89' lang='grc' dir='ltr'><strong><em>τόπων,</em></strong></span> <span class='ocrx_word' id='word_1_232' title='bbox 1010 2621 1072 2690; x_wconf 79' lang='grc' dir='ltr'><strong><em>οὐκ</em></strong></span> 
     </span>
     <span class='ocr_line' id='line_1_27' title="bbox 63 2714 1071 2804; baseline 0.003 -21"><span class='ocrx_word' id='word_1_233' title='bbox 63 2721 208 2784; x_wconf 77' lang='grc' dir='ltr'><strong><em>ἔνδοθεν</em></strong></span> <span class='ocrx_word' id='word_1_234' title='bbox 219 2715 340 2795; x_wconf 82' lang='grc' dir='ltr'><strong><em>αι’ποδς</em></strong></span> <span class='ocrx_word' id='word_1_235' title='bbox 352 2715 416 2803; x_wconf 81' lang='grc' dir='ltr'><strong><em>ἀφ’</em></strong></span> <span class='ocrx_word' id='word_1_236' title='bbox 428 2715 540 2785; x_wconf 78' lang='grc' dir='ltr'><strong><em>αὐτῶν</em></strong></span> <span class='ocrx_word' id='word_1_237' title='bbox 555 2714 921 2804; x_wconf 74' lang='grc' dir='ltr'><strong><em>ἀναμιμνησκομένους</em></strong></span> <span class='ocrx_word' id='word_1_238' title='bbox 944 2720 1071 2788; x_wconf 79' lang='grc' dir='ltr'><strong><em>οὔκουν</em></strong></span> 
     </span>
     <span class='ocr_line' id='line_1_28' title="bbox 64 2808 1071 2903; baseline 0.003 -22"><span class='ocrx_word' id='word_1_239' title='bbox 64 2815 196 2900; x_wconf 87' lang='grc' dir='ltr'><strong><em>μνήμης</em></strong></span> <span class='ocrx_word' id='word_1_240' title='bbox 207 2811 281 2883; x_wconf 80' lang='grc' dir='ltr'><strong><em>ἀλλ’</em></strong></span> <span class='ocrx_word' id='word_1_241' title='bbox 294 2812 513 2900; x_wconf 82' lang='grc' dir='ltr'><strong><em>ὑπομνήσεως</em></strong></span> <span class='ocrx_word' id='word_1_242' title='bbox 524 2815 701 2902; x_wconf 89' lang='grc' dir='ltr'><strong><em>φάρμακον</em></strong></span> <span class='ocrx_word' id='word_1_243' title='bbox 712 2808 816 2902; x_wconf 83' lang='grc' dir='ltr'><strong><em>εὗρες.</em></strong></span> <span class='ocrx_word' id='word_1_244' title='bbox 829 2824 947 2903; x_wconf 88' lang='grc' dir='ltr'><strong><em>σοφίας</em></strong></span> <span class='ocrx_word' id='word_1_245' title='bbox 959 2823 994 2887; x_wconf 78' lang='grc' dir='ltr'><strong><em>δὲ</em></strong></span> <span class='ocrx_word' id='word_1_246' title='bbox 1004 2832 1071 2897; x_wconf 84' lang='grc' dir='ltr'><strong><em>τοῖς</em></strong></span> 
     </span>
     <span class='ocr_line' id='line_1_29' title="bbox 62 2910 1069 3002; baseline 0.003 -24"><span class='ocrx_word' id='word_1_247' title='bbox 62 2921 229 2998; x_wconf 87' lang='grc' dir='ltr'><strong><em>μαθηταῖς</em></strong></span> <span class='ocrx_word' id='word_1_248' title='bbox 240 2911 358 2999; x_wconf 84' lang='grc' dir='ltr'><strong><em>δόξαν,</em></strong></span> <span class='ocrx_word' id='word_1_249' title='bbox 383 2910 445 2981; x_wconf 82' lang='grc' dir='ltr'><strong><em>οὐκ</em></strong></span> <span class='ocrx_word' id='word_1_250' title='bbox 457 2910 620 3000; x_wconf 88' lang='grc' dir='ltr'><strong><em>ἀλήθειαν</em></strong></span> <span class='ocrx_word' id='word_1_251' title='bbox 630 2919 786 3000; x_wconf 78' lang='grc' dir='ltr'><strong><em>πορίζεις·</em></strong></span> <span class='ocrx_word' id='word_1_252' title='bbox 808 2917 991 3002; x_wconf 86' lang='grc' dir='ltr'><strong><em>κολυήκοοι</em></strong></span> <span class='ocrx_word' id='word_1_253' title='bbox 1006 2916 1069 2999; x_wconf 92' lang='grc' dir='ltr'><strong><em>γάρ</em></strong></span> 
     </span>
     <span class='ocr_line' id='line_1_30' title="bbox 64 3008 1070 3098; baseline 0.002 -22"><span class='ocrx_word' id='word_1_254' title='bbox 64 3028 119 3078; x_wconf 92' lang='grc' dir='ltr'><strong><em>σοι</em></strong></span> <span class='ocrx_word' id='word_1_255' title='bbox 128 3008 303 3096; x_wconf 87' lang='grc' dir='ltr'><strong><em>γενόμενοι</em></strong></span> <span class='ocrx_word' id='word_1_256' title='bbox 311 3010 395 3078; x_wconf 86' lang='grc' dir='ltr'><strong><em>ἀνευ</em></strong></span> <span class='ocrx_word' id='word_1_257' title='bbox 403 3014 535 3097; x_wconf 77' lang='grc' dir='ltr'><strong><em>διδαχῆς</em></strong></span> <span class='ocrx_word' id='word_1_258' title='bbox 544 3011 800 3098; x_wconf 85' lang='grc' dir='ltr'><strong><em>πολυγνάμονες</em></strong></span> <span class='ocrx_word' id='word_1_259' title='bbox 809 3011 893 3078; x_wconf 79' lang='grc' dir='ltr'><strong><em>εἶναι</em></strong></span> <span class='ocrx_word' id='word_1_260' title='bbox 903 3012 1070 3094; x_wconf 80' lang='grc' dir='ltr'><strong><em>δόξουσιν,</em></strong></span> 
     </span>
     <span class='ocr_line' id='line_1_31' title="bbox 62 3105 1109 3195; baseline 0 -22"><span class='ocrx_word' id='word_1_261' title='bbox 62 3105 257 3194; x_wconf 72' lang='grc' dir='ltr'><strong><em>ἀγνώμονες</em></strong></span> <span class='ocrx_word' id='word_1_262' title='bbox 275 3105 319 3186; x_wconf 78' lang='grc' dir='ltr'><strong><em>ἀς</em></strong></span> <span class='ocrx_word' id='word_1_263' title='bbox 334 3108 434 3176; x_wconf 78' lang='grc' dir='ltr'><strong><em>ίπλτό</em></strong></span> <span class='ocrx_word' id='word_1_264' title='bbox 453 3116 583 3195; x_wconf 85' lang='grc' dir='ltr'><strong><em>πλῆθος</em></strong></span> <span class='ocrx_word' id='word_1_265' title='bbox 599 3108 693 3187; x_wconf 79' lang='grc' dir='ltr'><strong><em>ὄντες</em></strong></span> <span class='ocrx_word' id='word_1_266' title='bbox 704 3111 902 3194; x_wconf 78' lang='grc' dir='ltr'><strong><em>καὶχαλεποί</em></strong></span> <span class='ocrx_word' id='word_1_267' title='bbox 913 3113 1069 3195; x_wconf 81' lang='grc' dir='ltr'><strong><em>ξυνεῖναι,</em></strong></span> <span class='ocrx_word' id='word_1_268' title='bbox 1088 3123 1109 3173; x_wconf 88' lang='grc' dir='ltr'>Β</span> 
     </span>
     <span class='ocr_line' id='line_1_32' title="bbox 64 3203 649 3293; baseline 0.002 -21"><span class='ocrx_word' id='word_1_269' title='bbox 64 3206 245 3292; x_wconf 86' lang='grc' dir='ltr'><strong><em>δοξόσοφοι</em></strong></span> <span class='ocrx_word' id='word_1_270' title='bbox 253 3207 427 3293; x_wconf 89' lang='grc' dir='ltr'><strong><em>γεγονότες</em></strong></span> <span class='ocrx_word' id='word_1_271' title='bbox 436 3203 509 3275; x_wconf 79' lang='grc' dir='ltr'><strong><em>ἀντὶ</em></strong></span> <span class='ocrx_word' id='word_1_272' title='bbox 524 3214 649 3292; x_wconf 77' lang='grc' dir='ltr'><strong><em>σοφῶν.</em></strong></span> 
     </span>
    </p>
   </div>
   <div class='ocr_carea' id='block_1_3' title="bbox 0 0 1208 3780">
    <p class='ocr_par' dir='ltr' id='par_1_4' title="bbox 0 0 1208 3780">
     <span class='ocr_line' id='line_1_33' title="bbox 0 0 1208 3780; baseline 0 0"><span class='ocrx_word' id='word_1_273' title='bbox 0 0 1208 3780; x_wconf 95' lang='lat' dir='ltr'><strong><em> </em></strong></span> 
     </span>
    </p>
   </div>
  </div>
 </body>
</html>
