2408 3780
136 194 200 260 362
479 197 808 257 ΑΝΤΕΡΑΣΤΑΙ.
1125 205 1152 259 ος

137 364 256 443 ταῦτα,
276 352 298 424 δι’
308 353 466 443 προσήκει
476 369 544 436 τοῖς
556 358 745 442 ἐλευθέροις
755 365 893 442 μαθεῖν,
911 356 976 426 ὅσα
988 362 1151 440 ξυνέσεως

137 462 257 542 ἔχεται,
275 452 319 541 μὴ
332 451 394 522 όσα
407 458 622 539 χειρουργίας.
660 445 730 538 Ἆρ’
744 445 808 522 οὖν
818 452 907 522 οὕτω
919 459 1046 545 λέγεις,
1071 463 1151 545 έφητ

135 553 216 639 έγῶ,
236 551 347 637 ῶσπερ
358 555 395 618 έν
405 557 445 640 τῇ
457 559 630 639 τεκτονικῇ
636 580 646 634 ς
664 553 718 621 καὶ
728 549 793 639 γδρ
806 556 875 621 ἐκεῖ
881 556 1023 622 τέκτονα
1032 556 1102 644 μὲν
1113 552 1150 625 δν

81 674 119 738 ,ο
137 657 249 740 πρίαιο
267 643 402 735 πέντεῆ
422 651 455 729 ἓξ
475 656 570 735 μνῶν
585 648 706 738 όίκρον,
728 648 942 737 ἀρχιτέκτονα
961 652 998 721 δέ
1017 653 1101 723 οὐδ’
1113 651 1149 723 ἂν

138 755 268 836 μυρίων
285 753 456 834 δραχμῶν·
480 744 587 833 ὀλίγοι
598 775 636 834 γε
648 746 716 836 μὴν
726 751 780 817 καὶ
791 752 829 817 έν
839 756 920 818 πᾶσι
930 764 1000 831 τοῖς
1014 750 1148 841 Ἕλλησι

138 853 314 933 γίγνοιντο.
338 839 403 928 ἆρα
420 843 464 932 μη
482 851 636 914 τοιοῦτον
652 847 771 931 λέγειςς
794 849 849 916 ναὶ
866 844 903 928 ὃς
919 846 1074 931 ἀκούσας
1085 877 1148 939 μον

138 944 315 1031 ξυνεχῶρει
326 944 380 1012 καὶ
391 940 492 1022 αὐτὸς
503 948 610 1030 λέγειν
621 951 782 1013 τοιοῦτον.

222 1051 273 1112 lV.
314 1040 459 1127 Ἠρόμην
471 1038 502 1108 δ’
516 1038 636 1116 αὐτόν.
654 1047 686 1110 εἰ
693 1039 756 1110 οὐκ
767 1039 934 1111 ἀδύνατον
945 1053 994 1131 είη
1008 1047 1075 1114 δύο
1086 1046 1147 1133 μό·

138 1168 198 1220 νας
209 1143 322 1225 τέχνας
333 1138 422 1207 οὕτω
433 1149 556 1224 μαθεῖν
566 1138 625 1208 τόν
636 1137 752 1227 αὐτόν,
765 1139 808 1227 μὴ
820 1138 871 1209 ὅτι
882 1140 1007 1221 πολλαὶς
1019 1147 1078 1214 καὶ
1088 1170 1145 1232 με·

137 1239 253 1326 γόλας·
267 1233 284 1305 ὁ
297 1239 343 1323 δέ,
358 1233 417 1322 Μὴ
431 1234 536 1315 οὕτως
547 1263 622 1324 μου,
635 1243 709 1325 ἔφη,
722 1237 901 1329 ὑπολάβῃς,
916 1233 941 1306 ῶ
954 1241 1143 1329 Σῶκρατες,

137 1333 181 1415 ῶς
202 1338 371 1421 λέγοντος,
394 1332 445 1400 ὅτι
465 1337 516 1402 δεῖ
531 1334 673 1421 ἑκάστην
689 1343 758 1403 τῶν
773 1344 899 1422 τεχνῶν
922 1333 982 1404 τόν
1005 1348 1145 1424 φιλοσο-

96 1457 116 1505 1)
136 1441 266 1519 φοῦντα
278 1437 473 1500 ἐπίστασθαι
485 1429 638 1519 ἀκριβῶς,
652 1431 762 1520 ῶσπερ
774 1432 877 1502 αὐτόν
887 1432 946 1502 τόν
957 1432 1020 1523 τὴν
1028 1440 1144 1524 τέχνην

137 1537 269 1617 έχοντα,
287 1528 360 1599 ἀλλ’
380 1528 423 1610 ῶς
441 1527 529 1609 είνδς
541 1529 649 1616 ἄνδρα
660 1531 842 1618 ἐλεύθερόν
853 1557 887 1600 τε
898 1533 952 1600 καὶ
963 1541 1142 1604 πεπαιδευ-

136 1630 255 1715 μένον,
278 1632 551 1714 έπακολουθῆσαί
565 1655 600 1696 τε
617 1628 960 1717 τοίςλεγομένοιςδπδ
973 1639 1035 1700 τοῦ
1047 1638 1144 1722 δημι·
1168 1708 1174 1721 ,

137 1735 265 1811 ονργοῦ
276 1719 350 1793 οἶόν
361 1723 389 1792 τ’
405 1724 489 1793 εἶναι
500 1728 725 1813 διαφερόντως
735 1736 804 1797 τῶν
814 1730 1000 1815 παρόντων,
1012 1734 1069 1801 καὶ
1082 1729 1143 1799 αό-
1170 1768 1174 1773 -

135 1820 196 1891 τὸν
207 1822 452 1909 ξυμβάλλεσθαι
461 1824 608 1912 γνώμην,
621 1823 704 1894 ῶστε
715 1830 825 1894 δονεῖν
835 1831 1049 1912 χαριέστατον
1061 1829 1142 1898 εἶναι

135 1924 189 1990 καὶ
201 1922 394 2007 σοφώτατον
405 1929 473 1990 τῶν
483 1921 533 1991 ἀεὶ
541 1924 718 2008 παρόντων
728 1928 765 1992 έν
773 1939 841 2004 τοῖς
849 1929 1037 2012 λεγομένοις
1046 1952 1081 1996 τε
1090 1929 1142 1995 καί

137 2023 372 2107 πραττομένοις
383 2024 456 2107 περὶ
468 2020 525 2100 τόις
536 2024 658 2107 τέχνας.
672 2021 780 2108 κάγώ,
800 2029 847 2091 ἔτι
857 2021 920 2109 γὰρ
933 2022 1040 2093 αὐτοῦ
1048 2023 1139 2112 ήμφ-
1181 2012 1185 2039 ''

137 2119 278 2205 εγνόουν
288 2118 348 2186 τὸν
358 2120 461 2204 λόγον
473 2117 491 2187 ό
502 2146 533 2186 τι
544 2119 708 2207 ἐβούλετο,
725 2113 792 2205 Ἆρ’
807 2124 929 2207 ἐννοῶ,
953 2127 1056 2208 ἔφην,
1069 2117 1140 2190 οἷον

101 2234 121 2282 Ε
137 2223 242 2303 λέγεις
259 2214 319 2284 τόν
337 2218 526 2303 φιλόσοφον
542 2216 665 2304 ἄνδρας
691 2223 796 2298 δοκείς
808 2220 872 2306 γάρ
884 2245 940 2307 μοι
949 2223 1061 2307 λέγειν
1071 2215 1141 2288 οἷον

136 2318 174 2383 έν
183 2321 222 2404 τῇ
236 2312 361 2403 ἀγωνία
374 2317 457 2384 εἰσὶν
467 2320 501 2384 οί
510 2320 690 2385 πένταθλοι
700 2314 782 2401 πρός
791 2318 868 2397 τούς
878 2323 1020 2404 δρομέας
1030 2314 1053 2406 ἦ
1065 2316 1140 2398 τοὺς
1181 2320 1185 2333 “

138 2413 327 2492 παλαιστάς.
342 2413 473 2501 καὶγὰρ
486 2416 606 2483 ἐκείνοι
617 2415 745 2484 τούτων
756 2419 817 2502 μὲν
828 2424 996 2485 λείπονται
1007 2417 1091 2484 κατὰ
1102 2415 1138 2483 τόι

134 2512 264 2579 τούτων
281 2503 371 2580 ἆθλα
387 2513 441 2578 καὶ
453 2513 605 2595 δεύτεραί
614 2519 676 2582 είσι
686 2512 769 2598 πρός
782 2515 936 2598 τούτους,
954 2521 1022 2583 τῶν
1034 2514 1071 2584 δὲ
1082 2513 1140 2582 ἄλ·

135 2616 204 2677 λων
221 2607 378 2695 δθλητῶν
394 2619 518 2692 πρῶτοι
537 2612 591 2680 καὶ
609 2620 747 2679 νικῶσιν
763 2610 894 2691 αὐτούς.
917 2609 987 2698 τάχ’
1009 2608 1052 2681 όν
1064 2623 1139 2691 ἴσως

133 2708 287 2774 τοιοῦτόν
303 2735 334 2775 τι
351 2711 457 2794 λέγοις
475 2712 528 2777 καὶ
546 2706 583 2776 τό
602 2720 798 2797 φιλοσοφεῖν
809 2708 1052 2796 ἀπεργάζεσθαι
1064 2709 1140 2789 τούς

135 2804 389 2890 ἐπιτηδεύοντας
410 2816 508 2875 τοῦτο
532 2805 568 2875 τό
589 2810 805 2896 ἐπιτήδευμα·
827 2817 895 2877 τῶν
916 2809 977 2895 μὲν
999 2809 1139 2894 πρῶτων

65 2918 115 2973 136
133 2909 179 2982 είς
191 2902 325 2983 ξύνεσιν
336 2907 410 2988 περὶ
421 2904 479 2983 τὰς
490 2910 603 2991 τέχνας
621 2909 846 2993 ἐλλείπεσθαι,
870 2904 909 2974 τὰ
927 2911 1095 2990 δευτερεῖα
1107 2904 1139 2974 δ’

134 3007 267 3086 ἔχοντας
283 3009 352 3069 τῶν
366 3001 478 3070 ἄλλων
495 3017 671 3090 περιεῖναι,
698 3007 751 3074 καὶ
763 3004 869 3085 οὕτως
880 3012 1056 3091 γίγνεσθαι
1067 3007 1140 3089 περὶ

20 3154 23 3161 .
134 3096 242 3163 πάντα
253 3096 407 3181 ὕπακρόν
425 3125 499 3167 τινα
517 3098 624 3188 ἄνδρα
636 3100 696 3169 τόν
708 3100 1014 3187 πεφιλοσοφηκότα·
1026 3109 1140 3170 τοιοῦ-

25 3276 28 3279 ·
133 3193 193 3262 τόν
205 3196 278 3264 τινά
290 3222 344 3282 μοι
358 3202 464 3277 δοκείς
476 3202 717 3268 ἐνδείκνυσθαι.
762 3205 881 3277 Καλῶς
890 3201 930 3284 γέ
939 3224 1011 3285 μοι,
1025 3204 1100 3285 ἔφη,
1115 3189 1140 3265 ῶ

133 3290 327 3378 Σώκρατες,
348 3305 459 3380 φαίνει
469 3294 718 3384 ὑπολαμβάνειν
729 3298 769 3363 τὰ
781 3300 854 3381 περὶ
865 3303 927 3365 τοῦ
937 3297 1140 3383 φιλοσόφου,

66 3464 69 3481 Ι
132 3386 671 3486 οἷπεικόσαςαότόντῶπεντόθλφ.
692 3393 1141 3480 ἕστιγοὶρᾶτεχνῶςτοιοῶτος

66 3490 137 3544 Ι
