2408 3780
66 192 103 249 33
411 185 729 245 ΣΤΜΠΟΣΙΟΝ.
1013 187 1072 251 171

66 345 127 430 τὴν
140 342 305 430 ἀλήθειαν
317 350 378 411 τοῦ
389 348 535 413 ἐπαινεῖν
546 341 671 411 ὁτιοῦν.
702 344 739 414 τὸ
752 350 787 413 δὲ
799 346 879 431 ἄρα,
900 343 942 426 ὡς
955 352 1071 432 ἔοικεν,

65 442 108 511 06
125 449 225 511 τοῦτο
242 435 339 530 ἦντὸ
356 451 464 522 καλῶς
475 446 622 511 ἐπαινεῖν
632 440 762 528 ὁτιοῦν,
785 441 914 510 ἀλλάτό
928 440 972 523 ὥς
983 450 1074 530 μέγι-
1094 457 1113 505 Ε

63 562 128 610 στα
145 540 340 609 ἀνατιθέναι
357 549 404 630 τῷ
421 539 586 627 πράγματι
602 543 657 608 καλ
674 536 718 620 άς
729 540 900 627 κάλλιστα,
925 543 984 610 ἐάν
1000 569 1034 610 τε
1052 537 1074 631 6

65 639 174 719 οὕτως
185 638 369 726 ἔχονταέάν
381 665 415 708 τε
432 640 491 725 μή’
511 645 542 707 εί
556 638 725 725 δὲφενδῆ,
738 633 1073 727 οὐδένάρ’ἦνπροῖγ-

65 767 120 826 μα.
149 736 350 826 προύρρήθη
367 739 448 823 γάρ,
466 735 509 817 ὡς
525 743 648 823 ἔοικεν,
662 737 751 817 ὅπως
763 739 897 817 ἕκαστος
907 736 1002 824 ἡμῶν
1012 739 1072 808 τὸν

55 838 185 923 Ἔρωτα
203 836 413 923 ἐγκωμιάζειν
430 837 535 921 δόξει,
560 834 620 922 οὐχ
639 834 728 914 ὅπως
739 835 983 922 ἐγκωμιάσεται.
1016 837 1070 906 διά

64 943 171 1005 ταῦτα
194 935 252 1023 δή,
275 934 379 1021 οἶμαι,
404 935 512 1002 πάντα
528 933 630 1020 λόγον
647 943 818 1014 κινοῦντες
835 935 1008 1004 ἀνατίθετε
1026 945 1073 1022 τῷ

53 1036 194 1121 Ἔρωτι,
225 1039 285 1102 καί
304 1059 387 1120 φατε
410 1031 516 1101 αὐτὸν
539 1035 692 1102 τοιοῦτόν
712 1061 746 1104 τε
769 1034 853 1104 εἶναι
876 1039 930 1104 καλ
952 1037 1073 1104 τοσού-

62 1161 132 1204 των
151 1142 276 1218 αίτιον,
300 1131 388 1210 ὅπως
401 1126 444 1198 άν
457 1139 613 1219 φαίνηται
626 1130 669 1212 ὡς
679 1133 852 1214 κάλλιστος
864 1137 918 1203 καὶ
928 1134 1070 1220 άριστος,
1090 1160 1139 1216 199

64 1240 169 1323 δῆλον
186 1231 238 1300 ὅτι
253 1245 321 1310 τοῖς
338 1229 383 1317 μὴ
402 1232 663 1317 γιγνώσκουσιν·
686 1230 727 1298 06
745 1234 808 1317 γάρ
820 1247 964 1312 ποντοίς
975 1262 1012 1319 γε
1025 1242 1072 1303 εί-

64 1330 155 1399 δόσι·
179 1332 235 1398 καλ
251 1336 359 1407 καλῶς
376 1327 409 1414 γ’
429 1333 558 1414 ἔχεικαὶ
570 1328 726 1416 σεμνώςὸ
739 1338 880 1412 ἔπαινος.
912 1331 995 1401 άλλά
1006 1337 1070 1419 γάρ

63 1428 129 1514 ἐμοὶ
147 1426 211 1495 ὀὐκ
229 1426 343 1517 ᾔδη
309 1453 370 1495 τον
386 1427 511 1512 τρόπον
529 1455 588 1496 τον
574 1431 757 1515 ἐπαίνου,
782 1428 857 1497 οὐδ’
876 1428 1009 1508 εἰδῶς’
992 1445 1071 1515 υμῖν

65 1524 263 1650 ὡμολόγησα
275 1525 383 1594 καῖ’
341 1526 440 1604 αντός
451 1529 487 1594 ἐν
500 1534 545 1614 τῷ
559 1530 651 1613 μέρει
665 1531 906 1596 ἐπαινέσεσθαι.
930 1554 950 1614 η
942 1526 1050 1646 ἠλώτ

62 1651 103 1692 τα
114 1617 179 1693 οὖν
190 1623 365 1710 ὑπέσχετο,
386 1621 456 1709 ἡδέ
474 1651 565 1746 φρην
582 1623 639 1692 06·
658 1629 796 1712 χαιρέτω
809 1627 859 1712 δή.
893 1623 935 1693 οὐ
946 1625 1009 1711 γάρ
1024 1632 1071 1694 ἐτι

63 1723 253 1810 ἐγκωμιάζει
270 1731 391 1790 τοῦτον
407 1747 467 1789 τον
477 1748 617 1807 τροπον
639 1722 681 1791 οὐ
694 1722 758 1810 γάρ
770 1719 813 1791 άν
824 1728 1005 1810 δυναίμην
1028 1723 1069 1791 οὐ

60 1825 176 1908 μέντοι
187 1818 271 1889 άλλά
284 1821 325 1888 τά
335 1847 373 1906 γε
385 1819 511 1908 άληθη,
525 1833 553 1890 εί
565 1823 748 1908 βούλεσθε,
762 1825 866 1891 ἐθέλω
879 1829 982 1892 είπεῖν
993 1851 1053 1891 κατ
1059 1822 1105 1886 'B

61 1916 225 2005 ἐμαυτόν,
243 1916 284 1985 οὐ
293 1917 377 2005 πρὸς
387 1917 466 1998 τοὺς
477 1917 657 2007 ὑμετέρους
667 1922 804 2007 λόγους,
821 1922 930 2008 ἴναμη
943 1926 1068 2007 γέλωτα

59 2017 166 2104 ὄφλω.
198 2015 262 2102 ὅρα
274 2011 353 2104 οὖν,
373 2010 400 2085 6
413 2023 551 2107 Φαῖδρε,
564 2029 634 2088 είτι
646 2023 702 2089 καλ
711 2021 864 2089 τοιούτου
876 2023 979 2106 λόγον
991 2026 1066 2108 δέει,

59 2115 156 2204 περὶ
154 2117 290 2202 Ἑρωτος
306 2117 435 2239 τάληθη
453 2117 651 2205 λενόμενα’
632 2120 784 2206 ακούειν,
808 2120 948 2238 φ’νόμασι
966 2121 1002 2190 δε
1013 2123 1067 2189 καὶ

57 2217 154 2284 θέσει
167 2216 324 2303 ῥημάτων
333 2217 485 2305 τοιαύτη,
504 2215 600 2286 ὁποία
613 2217 687 2304 66’‘
664 2246 708 2286 αν
718 2246 766 2298 τις
777 2218 857 2307 τύχη
868 2222 1065 2289 ἐπελθοῦσα.

57 2312 123 2382 τόν
139 2306 204 2381 οὖν
220 2320 402 2398 Φαῖδρον’Ι
385 2343 447 2402 εφη
467 2315 615 2394 καὶτοὺς
636 2316 757 2396 άλλους
778 2320 926 2386 κελεύειν
949 2323 1065 2440 λεήειν,

57 2409 352 2499 ὅπηαύτὸςοίοιτο
366 2418 550 2483 δεῖνείπεῖν
556 2416 688 2504 ,ταύτη
714 2416 784 2483 Ἔτι
797 2422 927 2502 τοίνυν,
950 2417 1066 2501 φάναι,

57 2537 86 2579 ω
74 2502 240 2596 Φαῖδρε,
263 2511 365 2598 πάρες
375 2538 431 2598 μοι
440 2510 613 2636 Ἀηάθφνα
625 2521 684 2601 σμί
681 2513 736 2600 αρ’
749 2514 829 2582 άττα
840 2516 1026 2599 ἐρέσθαι,“
1013 2542 1067 2582 ινα

55 2606 391 2696 άνομολομησάμενος
411 2608 490 2698 παρ’
514 2611 617 2681 αὐτοῦ
640 2612 744 2692 οὕτως
763 2613 825 2700 ἤδη
843 2615 937 2733 λέηω.
968 2611 1102 2681 'Amo

55 2714 215 2796 παρίημι,
227 2711 333 2794 φάναι
344 2710 405 2777 τόν
415 2715 577 2797 Φαῖδρον,
593 2709 665 2780 ἀλλ’
681 2713 794 2796 ἐράτα.
818 2711 898 2797 μετὰ
909 2720 1012 2780 ταῦτα
1024 2713 1064 2799 66

54 2806 120 2875 τὸν
130 2808 295 2895 Σωκράτη
310 2813 372 2896 ἔφη
384 2812 521 2878 ἐνθένδε
535 2814 643 2878 ποθέν
652 2806 827 2895 άρξασθαι.

144 2913 224 2975 XXI.
269 2909 335 2976 Καὶ
352 2907 435 2994 μη’ν,
459 2901 750 2996 άφίλεἈμάθων,
769 2917 877 2989 καλῶς
887 2937 943 2996 μοι
953 2914 1064 2991 ἔδοξας

54 3007 318 3094 καθηγησασθαι
329 3034 389 3076 τον
377 3009 519 3095 λογον
532 3008 667 3094 λέγων
647 3035 698 3076 οτι
709 3017 841 3094 πρωτον
852 3037 912 3095 μεν
924 3014 991 3076 δεοι
1002 3037 1064 3075 αν

53 3103 117 3173 τόν
130 3109 236 3175 ἐπιδεῑ
223 3113 285 3187 ῑξαι
296 3104 411 3187 ὁποῖός
421 3112 468 3186 τίς
478 3107 596 3177 ἐστινὸ
601 3107 747 3193 Ἔρως,
731 3107 873 3192 ὕστερον
885 3107 967 3174 δὲ
932 3133 971 3174 τα
984 3114 1063 3235 ἔρνη

54 3202 173 3273 αυτοῦ.
197 3230 322 3292 ταντην
332 3233 393 3292 την
404 3233 510 3292 αρχην
520 3231 611 3274 πάνυ
621 3234 753 3293 αμαμαι
785 3216 835 3274 ίθι
847 3231 911 3272 ουν
921 3233 977 3291 μοι
989 3211 1062 3294 περι

46 3300 202 3392 Ἑρωτος,
215 3303 328 3390 ἐπειδὴ
341 3307 395 3374 καὶ
405 3297 508 3373 τάλλα
520 3314 628 3383 καλως
638 3309 692 3374 καλ
703 3313 959 3392 μεγαλοπρεπεῖς
971 3311 1063 3393 διηλ-

53 3412 118 3483 θες
137 3400 207 3484 οἶός
226 3405 311 3488 ἐστι,
334 3405 389 3471 καλ
406 3402 526 3472 τόδεεί
512 3409 581 3473 ίπέ·
604 3402 1111 3494 πότερόνέστιτοιοθτοςόιοςω
