2408 3780
127 188 148 250 2
493 185 779 245 ΠΛΑΤΩΝΟΣ

127 345 201 416 ἀλλ’
216 352 246 416 εί
255 351 318 432 δεῖ,
342 355 445 433 ίωμεν
462 342 541 426 παρ’
559 339 678 410 αὐτόν·
700 342 773 428 ἀρτι
790 343 853 429 γάρ
872 345 1009 412 ἐνθένδε
1020 349 1132 411 οίκαδε

61 462 110 519 127
127 457 266 532 οίχεται,
279 452 364 514 οίκεῖ
378 449 413 513 δὲ
427 443 526 531 έγγός
544 445 581 510 έν
591 448 727 528 Μελίτη.
750 450 853 508 ταῦτα
864 441 1009 522 εἰπόντες
1021 445 1129 529 ἐβαδίι

127 551 235 631 ζομεν,
258 547 312 613 καὶ
330 544 555 631 κατελάβομεν
574 541 633 610 τόν
652 539 855 626 Ἀντιφῶντα
872 550 973 627 οίκοι,
996 541 1132 626 χαλινόν

127 670 201 712 τινα
217 651 331 729 χαλκεῖ
339 643 512 711 ἐκδιδόντα
523 640 697 708 σκευάσαι·
716 637 826 724 ἐπειδὴ
840 640 875 706 δὲ
887 642 1015 707 ἐκείνου
1027 638 1131 727 ἀπηλ«

127 741 211 827 λάγη
233 744 267 809 οί
288 766 323 808 τε
348 739 486 826 ἀδελφοὶ
510 745 625 824 ἔλεγον
650 735 739 826 αὐτῷ
769 728 818 802 ῶν
841 740 939 805 ἕνεκα
962 753 1130 824 παρεῖμεν,

127 839 331 925 ἀνεγνῶρισέ
345 841 383 907 τέ
390 866 429 926 με
441 841 477 906 ἐκ
488 845 546 924 τῆς
557 839 716 921 προτέρας
728 837 897 921 ἐπιδημίας
909 842 966 903 καί
973 862 1013 920 με
1023 835 1129 922 ἠσπά-

127 945 213 1023 ζετο,
236 939 290 1005 καὶ
313 941 479 1022 δεομένων
500 933 595 1021 ἡμῶν
617 938 764 1002 διελθεῖν
784 934 862 1013 τούς
879 935 1000 1020 λόγους
1015 934 1051 1002 τό
1071 935 1131 1020 μέν

128 1043 262 1121 πρῶτον
279 1033 393 1102 άίκνει·
416 1031 501 1100 πολὺ
515 1031 580 1119 γάρ
591 1038 653 1118 ἔφη
665 1040 765 1118 ἔργον
776 1033 875 1102 εἶναι·
899 1041 1008 1102 ἔπειτα
1019 1036 1128 1120 μέντοι

128 1137 277 1218 διηγεῖτο.
302 1138 365 1217 ἐφη
383 1132 418 1199 δὲ
443 1129 482 1217 δὴ
501 1131 519 1199 ὁ
538 1130 702 1216 Ἀντιφῶν
720 1135 828 1217 λέγειν
843 1131 903 1201 τόν
919 1135 1130 1219 Πυθόδωρον

89 1251 109 1301 Β
128 1231 179 1300 ὅτι
191 1228 365 1316 ἀφίκοιντό
382 1256 461 1299 ποτε
479 1237 524 1309 είς
534 1230 759 1315 Παναθήναια
777 1228 816 1296 τά
827 1232 954 1316 μεγάλα
965 1231 1085 1317 Ζήνων
1096 1255 1130 1296 τε

127 1332 182 1397 καὶ
203 1333 420 1416 Παρμενίδης.
444 1328 504 1398 τόν
525 1332 587 1414 μὲν
608 1321 671 1396 οὖν
688 1333 902 1414 Παρμενίδην
920 1320 958 1395 εὖ
980 1328 1067 1412 μάλα
1089 1327 1128 1411 δίη

128 1426 317 1515 πρεσβύτην
328 1427 428 1513 εἶναι,
446 1429 577 1514 σφόδρα
588 1428 723 1511 πολιόν,
742 1424 846 1494 καλόν
858 1427 892 1494 δὲ
904 1422 1057 1510 κάγαθόν
1068 1422 1126 1511 τὴν

128 1525 222 1611 όψιν,
246 1528 319 1612 περὶ
336 1531 391 1614 έτη
409 1528 548 1614 μάλιστα
565 1529 662 1595 πέντε
680 1528 734 1593 καὶ
745 1527 917 1612 ἑξήκοντα·
941 1525 1082 1611 Ζήνωνα
1094 1525 1129 1592 δὲ

128 1623 225 1711 ἐγγυς
242 1628 325 1692 ἐτῶν
341 1626 582 1713 τετταράκοντα
598 1625 672 1693 τότε
690 1623 789 1708 είναι,
813 1622 939 1711 εὐμήκη
953 1626 988 1692 δὲ
1005 1626 1059 1691 καὶ
1071 1650 1129 1709 χακ

128 1732 239 1808 ρίεντα
250 1728 347 1791 ίδεῖν·
361 1728 415 1792 καὶ
426 1729 581 1810 λέγεσθαι
590 1722 694 1791 αὐτόν
705 1723 839 1791 παιδικά
851 1727 1130 1809 τοῦΠαρμενίδου

126 1825 307 1907 γεγονέναι.
320 1824 497 1891 καταλύειν
515 1823 549 1890 δέ
560 1820 682 1900 αότοός
699 1827 762 1909 ἔφη
774 1820 862 1906 παρά
875 1832 921 1910 τῷ
931 1822 1129 1910 Πυθοδώρῳ

88 1933 107 1984 c
126 1919 218 1998 έκτός
232 1926 358 2004 τείχους
374 1922 410 1987 ἐν
427 1928 636 2011 Κεραμεικῷ·
659 1917 694 1988 οἷ
708 1921 748 2006 δὴ
763 1923 817 1988 καλ
834 1919 1015 2004 ἀφικέσθαι
1026 1920 1130 1986 τόντε

126 2017 288 2104 Σωκράτη
306 2020 361 2086 καὶ
378 2016 499 2098 ἀλλους
519 2017 611 2098 τινάς
627 2015 696 2104 μετ’
717 2016 823 2084 αὐτοῦ
839 2018 993 2103 πολλούς,
1013 2022 1130 2085 ἐπιθυ-

126 2124 271 2202 μοῦντας
284 2114 426 2183 ἀκοῦσαι
437 2126 503 2184 τῶν
514 2125 575 2184 τοῦ
586 2118 743 2204 Ζήνωνος
754 2117 971 2204 γραμμάτων·
982 2116 1054 2185 τότε
1066 2115 1130 2201 γάρ

126 2212 210 2282 αὐτά
223 2223 356 2299 πρῶτον
366 2213 425 2283 ὑπ’
440 2219 575 2284 ἐκείνων
586 2224 803 2303 κομισθῆναι·
826 2217 990 2304 Σωκράτη
1002 2217 1036 2285 δέ
1048 2215 1130 2283 εἶναι

127 2313 199 2382 τότε
212 2314 344 2399 σφόδρα
355 2319 441 2382 νέου.
454 2313 716 2402 ἀναγιγνώσκειν
728 2309 790 2384 οόν
802 2316 913 2396 αὐτοῖς
923 2314 1129 2401 τόυΖήνωνο

128 2411 248 2498 αὐτόν,
270 2411 332 2481 τόν
353 2414 388 2482 δὲ
408 2421 624 2502 Παρμενίδην
643 2430 753 2502 τυχεῖν
771 2420 831 2497 ἔξω
850 2415 946 2484 ὅντα·
968 2418 1023 2484 καὶ
1047 2414 1139 2499 εἶναι,

127 2511 218 2578 πάνυ
235 2511 341 2599 βραχό
360 2519 407 2580 ἔτι
423 2511 541 2581 λοιπόν
558 2522 627 2581 τῶν
646 2516 756 2601 λόγων
777 2513 1129 2600 ἀναγιγνωσκομένων,
1161 2544 1168 2551 ·

86 2623 108 2673 Ι)
127 2606 225 2696 η’νίκα
239 2607 336 2688 αὐτος
349 2635 383 2676 τε
394 2613 599 2679 ἐπεισελθεῖν
610 2609 702 2699 έφηὸ
720 2613 929 2698 Πυθόδωρος
940 2617 1066 2692 ἔξωθεν
1077 2615 1131 2678 καὶ

127 2704 187 2773 τόν
197 2711 411 2794 Παρμενίδην
421 2707 488 2795 μετ’
500 2707 605 2777 αὐτοῦ
614 2711 669 2778 καὶ
678 2706 880 2796 Ἀριστοτέλη
890 2708 950 2778 τόν
959 2719 1028 2779 τῶν
1037 2709 1127 2796 τριά-

126 2830 227 2873 κοντα
248 2805 447 2893 γευόμενον,
472 2810 527 2875 καί
553 2803 663 2893 σμίκρ’
686 2805 766 2874 ἀττα
792 2813 839 2875 έτι
860 2809 1042 2877 ἐπακοῦσαι
1063 2815 1130 2875 τῶν

124 2904 343 2993 γραμμάτων·
355 2902 397 2972 οὐ
407 2903 475 2992 μην
485 2903 584 2984 αάτός
595 2932 642 2992 γε,
655 2903 738 2974 ἀλλά
749 2905 980 2992 καὶπρότερον
991 2902 1131 2991 ἀκηκοέ-

125 3030 181 3073 ναι
190 3010 252 3071 τοῦ
262 3001 427 3089 Ζήνωνος.

208 3108 244 3170 11.
292 3100 360 3170 Τόν
371 3093 435 3170 οὖν
443 3099 607 3190 Σωκράτη
619 3101 809 3170 ἀκοόσαντα
820 3103 920 3170 πάλιν
930 3129 965 3172 τε
976 3110 1131 3172 κελεῦσαι

125 3198 187 3286 τὴν
197 3197 334 3287 πρῶτηυ
344 3195 510 3269 ὑπόθεσιν
520 3207 582 3268 τοῦ
596 3200 731 3288 πρῶτον
741 3200 846 3287 λόγου
856 3196 1063 3288 ἀναγνῶναι,
1074 3205 1130 3270 καί

85 3306 107 3359 Ε
125 3295 412 3388 ἀναγνωσθείσης,
425 3305 518 3388 Πῶς,
531 3300 652 3386 φάναι,
664 3291 840 3388 ῶΖήνων,
858 3307 955 3368 τοῦτο
967 3302 1087 3386 λέγεις;
1098 3307 1129 3369 εί

57 3458 61 3463 .
114 3396 231 3461 πολλά
244 3399 315 3462 ἐστι
332 3396 371 3464 τά
388 3394 486 3481 ὄντα,
509 3395 554 3478 ῶς
569 3397 635 3482 ἀρα
652 3402 706 3467 δεῖ
718 3395 802 3467 αὐτὰ
820 3396 919 3485 ὅμοιά
933 3423 969 3467 τε
981 3397 1064 3469 εἶναι
1076 3401 1129 3467 καλ
