2408 3780
122 176 163 241 70
484 178 769 240 ΠΛΑΤΩΝΟΣ

120 364 181 406 τον
193 338 451 424 δπεργόζεσθον,
463 335 500 406 τό
514 336 550 404 δὲ
560 334 668 404 ποσόν
678 334 884 422 ἀφανίζετον.
902 334 999 424 όγᾶρ
1012 340 1126 425 έλέχθη

122 445 187 504 νῦν
199 438 257 524 δή,
275 434 319 524 μὴ
332 435 536 523 ἆφανίσαντε
547 436 583 503 τὸ
601 433 723 522 ποσόν,
743 433 816 504 ἄλλ’
838 435 978 506 ε’όσαντε
994 435 1079 506 αότό
1095 463 1126 507 τε
1147 506 1151 511 ,

119 538 174 604 καὶ
191 535 225 604 τό
239 538 422 622 μέτριονὲν
437 541 477 621 τῇ
494 540 555 600 τοῦ
572 542 698 618 μᾶλλον
720 537 775 602 καὶ
794 526 894 621 ἦττον
916 537 974 604 καὶ
996 536 1127 622 σφόδρα

79 641 100 692 D
119 635 173 702 καὶ
184 632 288 722 ἡρέμα
306 635 387 722 ἕδρᾳ
406 637 617 720 ἐγγενέσθαι,
636 630 719 700 αὐτοὶ
736 638 825 719 έρρει
835 640 938 702 ταῦτα
949 636 987 703 έιι
997 642 1058 722 τῆς
1068 634 1128 703 αὑ-

119 741 187 801 τῶν
197 733 305 820 χώρας
317 737 353 801 ἐν
362 724 386 821 ᾗ
396 735 484 819 ένῆν.
505 729 546 800 οό
556 730 621 817 γόιρ
634 737 680 799 ἔτι
690 732 896 819 θερμότερον
908 732 988 802 οὐδὲ
999 736 1128 823 ψυχρό-

118 857 217 917 τερον
235 841 325 919 είτην
340 827 383 899 δν
400 831 540 917 λαβόντε
557 827 593 897 τό
610 831 732 898 ποσόν·
755 845 923 917 προχωρεῖ
936 829 1002 917 γὰρ
1021 830 1128 903 καλοί

117 936 209 1016 μένει
224 931 263 998 τό
277 957 312 998 τε
329 931 535 1015 θερμότερον
553 927 602 997 ἀεὶ
622 930 676 996 καὶ
687 928 724 995 τό
737 929 944 1014 ψυχρότερον
958 927 1127 1018 ὡσαύτως,

117 1026 155 1094 τό
174 1031 209 1094 δὲ
225 1028 332 1095 ποσόν
348 1033 423 1112 ἔστη
440 1031 495 1095 καὶ
511 1026 631 1114 προϊὸν
644 1027 820 1096 ἐπαύσατο.
845 1029 928 1098 κατὰ
947 1029 988 1118 δὴ
1006 1039 1128 1101 τοῦτον
1164 1048 1168 1073 ¹

116 1125 177 1192 τὸν
187 1125 290 1211 λόγον
300 1123 440 1212 ἄπειρον
449 1123 581 1212 γίγνοιτ’
595 1121 638 1194 όίν
650 1127 685 1194 τὸ
698 1128 905 1214 θερμότερον
915 1132 971 1196 καὶ
981 1128 1128 1199 τοόναν-
1164 1174 1168 1217 ,ι

116 1232 188 1292 τίον
200 1224 275 1310 ἅμα.
1164 1224 1168 1305 “,

200 1331 302 1392 Hm.
336 1331 492 1393 Φαίνεται
509 1332 611 1408 γοῦν,
637 1319 867 1410 όΣιόιιρατες·
890 1333 958 1394 ἔστι
976 1325 1022 1411 δ’,
1045 1326 1126 1411 ὅπερ

79 1433 99 1482 Ε
117 1421 220 1507 εἶπες,
243 1421 285 1492 οὐ
303 1423 400 1509 ῥοίδια
412 1432 515 1490 ταῦτα
530 1425 745 1503 ξυνέπεσθαι·
766 1421 802 1493 τό
817 1428 852 1492 δὲ
863 1430 1016 1505 εἰσαῦθίς
1026 1451 1062 1494 τε
1073 1428 1128 1495 καὶ
1163 1444 1168 1505 j

116 1514 216 1602 αὖθις
233 1533 311 1601 ίσως
327 1524 487 1608 λεχθέντα
503 1522 563 1589 τόν
579 1547 614 1588 τε
631 1525 803 1604 ἐρωτῶντα
815 1525 870 1590 καὶ
883 1519 943 1590 τόν
954 1524 1127 1611 ἐρωτώμε-

115 1616 863 1708 νονίιιανῶςόνξυμφωνοδνταςᾶποφήνειεν.
1166 1698 1168 1703 Ι

200 1726 274 1788 ΣΩ.
307 1717 396 1788 Ἀλλ’
408 1711 447 1786 εὖ
459 1720 520 1805 μὲν
531 1722 644 1805 λέγεις,
658 1723 713 1787 καλ
724 1725 897 1804 πειρατέον
908 1719 996 1788 οὕτω
1007 1735 1125 1790 ποιεῖν,

116 1826 180 1885 νῦν
196 1820 309 1905 μέντοι
327 1818 426 1901 όίθρει
444 1826 501 1905 τῆς
513 1827 573 1886 τοῦ
584 1817 724 1903 ἀπείρου
735 1820 869 1904 φύσεως
881 1825 911 1887 εί
919 1827 1019 1888 τοῦτο
1032 1821 1127 1901 δεξό-
1159 1848 1166 1891 ·.

114 1926 203 2003 μεθα
214 1930 366 2003 σημεῖον,
379 1924 434 1985 ἵνα
447 1917 492 2005 μὴ
504 1916 600 1985 πάντ’
615 1916 796 1996 ἐπεξιόντες
807 1918 1019 2005 μηκύνωμεν.

198 2023 300 2084 Hm.
336 2013 543 2101 Τόποϊονδη
557 2019 675 2099 λέγεις;

200 2124 274 2185 Σίὶ,
305 2113 419 2184 Ὁπόσ’
438 2109 481 2179 όν
497 2110 576 2199 ἡμῖν
593 2121 750 2200 φαίνηται
766 2115 894 2200 μᾶλλόν
909 2141 943 2184 τε
961 2108 1127 2203 ναὶῆττον

115 2216 296 2301 γιγνόμενα
308 2217 364 2282 καὶ
379 2212 415 2281 τό
430 2211 563 2297 σφόδρα
574 2213 628 2279 καὶ
639 2211 744 2298 ἠρέμα
757 2214 918 2299 δεχόμενα
934 2218 990 2281 καὶ
999 2215 1038 2283 τὸ
1051 2220 1126 2284 λίαν

65 2334 99 2387 25
116 2317 171 2383 καὶ
183 2313 245 2382 ὅσα
257 2321 392 2381 τοιαῦτα
406 2311 523 2396 πάντα,
537 2316 582 2389 είς
592 2307 629 2376 τὸ
642 2319 704 2378 τοῦ
715 2309 855 2395 ἀπείρου
866 2313 963 2395 γένος
974 2309 1020 2390 ὡς
1031 2318 1078 2391 είς
1088 2315 1125 2380 ἓν

116 2420 167 2482 δεῖ
176 2415 283 2483 πόντα
294 2420 396 2480 ταῦτα
408 2413 556 2492 τιθέναι,
578 2406 662 2476 αατδι
674 2407 733 2476 τὸν
744 2413 933 2494 ἔμπροσθεν
945 2411 1065 2496 λόγον,
1085 2409 1125 2480 δν

114 2518 259 2598 ἔφαμεν,
288 2509 351 2579 ὅσα
379 2514 571 2577 διέσπασται
597 2509 651 2575 καὶ
674 2511 850 2592 διέσχισται
873 2511 1125 2596 συναγαγόντας

115 2619 232 2698 χρῆναι
244 2608 326 2677 κατὰ
338 2609 483 2693 δύναμιν
495 2615 574 2693 μίαν
586 2609 864 2693 ἐπισημαίνεσθαί
871 2633 945 2677 τινα
957 2609 1079 2694 φύσιν,
1096 2613 1127 2675 εί

115 2713 286 2796 μέμνησαι.
867 2704 870 2709 ’

201 2812 301 2874 ΠΡΩ.
335 2809 524 2892 Μέμνημαι.

204 2914 277 2975 Σίλ.
315 2905 454 2975 Οὐκοῦν
465 2903 505 2972 τὰ
516 2903 560 2991 μὴ
574 2903 733 2989 δεχόμενα
744 2908 864 2986 ταῦτα,
884 2902 1015 2970 τούτων
1032 2903 1069 2972 δέ
1085 2898 1124 2970 τὰ

117 3012 251 3077 ἐναντία
264 3004 372 3073 πάντα
384 3002 553 3090 δεχόμενα,
566 3010 698 3090 πρῶτον
709 3000 770 3086 μὲν
780 2998 817 3067 τδ
830 3009 905 3069 ίσον
916 3002 971 3069 καὶ
980 3001 1124 3089 ἰσότητα,

118 3106 198 3195 μετὰ
218 3110 254 3175 δὲ
271 3106 307 3174 τό
327 3116 402 3174 ίσον
419 3103 456 3172 τό
476 3103 651 3171 διπλάσιον
668 3103 723 3169 καὶ
741 3107 807 3167 πᾶν
824 3098 843 3167 ό
860 3105 895 3167 τί
909 3124 970 3182 περ
988 3095 1031 3166 όν
1042 3099 1127 3184 πρὸς

81 3232 100 3281 B
119 3205 268 3292 ἀριθμόν
289 3203 435 3291 ἀριθμός
451 3199 473 3291 ἦ
489 3206 609 3289 μέτρον
625 3194 648 3290 ᾗ
657 3201 740 3285 πρὸς
756 3202 895 3286 μέτρον,
916 3206 1020 3266 ταῦτα
1042 3198 1122 3284 ξύμ·

119 3328 225 3373 παντο
244 3311 288 3384 είς
305 3304 341 3372 τδ
359 3307 461 3391 πέρας
484 3300 754 3388 άπολογιζόμενοι
775 3306 884 3377 καλῶς
904 3292 948 3366 ἂν
970 3302 1126 3383 ὅθκθῖμέν

121 3409 207 3490 δρᾷν
217 3410 329 3470 τοῦτο·
341 3399 363 3491 ἢ
376 3410 445 3482 πῶς
456 3399 499 3469 σύ
512 3401 592 3488 φῄς;
