2422 3780
161 198 224 261 132
529 199 634 256 ΠΛΑ
645 196 815 256 mox

242 365 346 426 ΠΡΩ
377 361 441 425 Καὶ
453 365 562 436 καλῶς
572 382 610 441 γε
622 355 819 443 εἰρήκατε
783 383 824 423 τα
835 364 918 441 νῦν,
931 357 1091 444 φήσομεν

242 478 319 538 ΣΩ.
349 466 486 555 Ὀρθῶς
509 468 610 536 πάλιν
626 474 742 590 τοίνυν
761 467 841 554 μετά
853 477 951 537 τοῦτο
962 468 1024 555 τὴν
1036 469 1166 557 φρόνη-

158 591 213 638 σιν
224 571 278 637 και
291 594 350 635 τον
360 593 445 634 νουν
457 563 695 652 άνερωτητέον·
712 560 754 653 άρ
758 564 914 653 ηθονων
924 594 954 634 τι
964 573 1166 654 τιροσθεισθε

158 671 195 736 ἐν
206 674 247 756 τῇ
258 665 455 753 συγκράσεις
479 679 601 751 φαῖμεν
612 660 656 732 άν
667 657 711 732 αὖ
728 662 788 732 τόν
799 673 884 732 νοῦν
895 692 929 733 τε
941 664 1042 733 καί
1006 691 1068 751 την
1079 666 1167 751 φρό-

157 762 506 853 νησιυάνερωτῦντες.
530 770 653 847 ποίων,
677 777 775 848 φαῖεν
786 790 829 830 αν
841 773 935 847 ἰσως,
953 761 1102 850 ηῦονιῦνς

243 884 344 946 ΠΡΩ.
380 877 490 956 Εἰκός.

120 999 140 1049 l)
242 999 319 1060 Σίλ.
347 988 525 1076 ’οάἐγ”
506 1016 663 1076 ημετερος
679 990 777 1074 λογος
793 1016 873 1076 μετα
890 986 981 1056 τοῦτ’
1000 992 1087 1058 εστιν
1099 989 1164 1058 οδε

158 1088 241 1174 πρὸς
257 1103 326 1167 ταῖς
342 1086 536 1174 άληθέσιν’
520 1095 658 1166 εκείναις
674 1085 825 1172 ἡδοναῖς,
851 1087 1019 1182 φήσομεν,
1044 1081 1086 1172 άρ
1091 1088 1166 1156 ἔτι

159 1184 356 1305 προσόείσθ’
369 1182 449 1271 ύμῑν
460 1182 518 1263 τάς
528 1188 682 1310 μεγίστας
693 1181 816 1268 ἡδονάς
828 1191 1005 1264 συνοίκους
1016 1184 1100 1254 εἶναι
1112 1191 1166 1254 καὶ

158 1313 217 1364 τας
227 1285 470 1370 σφοδροτάτας,
494 1285 652 1366 καὶτοῖς,
676 1274 908 1367 ωΣάκρατες,
937 1297 1036 1366 φαῖεν
1053 1286 1111 1368 άν,
1134 1289 1169 1351 αί
1210 1314 1211 1342 ι

157 1412 178 1470 γ
184 1379 434 1470 ἐμποδίσματά
451 1406 487 1448 τε
503 1387 605 1466 μυρία
621 1377 700 1465 ἡμῖν
716 1383 845 1463 ἔχουσι,
867 1377 926 1455 τὰς
943 1377 1049 1464 ψυχάς
1069 1383 1104 1446 ἐν
1117 1377 1168 1460 αἷς

159 1480 317 1568 οἰκοῦμεν
327 1479 547 1567 ταράττουσαν
559 1475 613 1545 διά
625 1474 766 1563 μανικὰς
775 1472 915 1562 ἡδονάς,
927 1477 981 1544 καὶ
992 1483 1170 1562 γίγνεσθαί

121 1596 142 1645 E
159 1607 194 1648 τε
204 1577 291 1668 ἡμᾶς
301 1579 363 1667 τὴν
379 1576 484 1666 ἀρχὴν
501 1574 563 1645 οὐκ
575 1580 662 1661 ἐῶσι,
674 1576 714 1642 τά
726 1601 761 1642 τε
772 1574 953 1661 γιγνόμενα
963 1570 1058 1661 ἡμῶν
1069 1580 1166 1644 τέκνα

160 1681 203 1760 ὡς
215 1678 252 1746 τό
265 1678 370 1764 τιολύ,
390 1675 436 1744 δι’
455 1675 610 1762 άμέλειαν
621 1676 733 1762 λη’θην
743 1677 955 1760 ἐμποιοῦσαι,
978 1675 1167 1743 παντάπασι

161 1781 433 1861 διαφθείρουσινς
457 1771 532 1841 άλλ’
551 1772 591 1851 άς
607 1799 645 1857 γε
662 1770 786 1858 ἡδονάς
801 1770 937 1858 ἀληθείς
948 1773 1003 1839 καί
1016 1772 1168 1855 καθαράς

161 1869 222 1956 [άς]
234 1869 337 1957 εἶπες,
360 1868 478 1957 σχεδόν
490 1877 610 1949 οἰκείας
621 1869 702 1955 ἡμῖν
717 1870 845 1955 νόμιζε,
867 1873 922 1938 καί
939 1869 1022 1956 πρὸς
1035 1871 1168 1949 ταύταις

159 1971 218 2049 τὰς
229 1967 306 2054 μεθ’
320 1966 446 2053 ὑγιείας
456 1969 511 2035 καὶ
521 1975 583 2034 τοῦ
595 1981 800 2053 σωφρονεῖν,
812 1970 867 2034 καὶ
877 1968 917 2054 θη
929 1968 984 2035 καί
997 1971 1167 2055 ξυμπάσης

159 2065 277 2152 άρετης
297 2063 419 2133 ὁπόσαι
442 2065 704 2147 καθάπερτθεοῦ
726 2061 844 2132 όταιίοἰ
868 2064 1062 2151 γιγνόμεναι
1084 2066 1168 2158 αὐτῇ

159 2169 453 2230 συνακολουθοῦσι
470 2160 596 2247 πάντη,
617 2160 738 2240 ταύτας
754 2167 870 2247 μίγνυ·
897 2160 954 2241 τάς
971 2162 1003 2231 δ’
1028 2162 1077 2232 ἀεὶ
1096 2174 1168 2252 μετ’

158 2259 355 2347 ἀφροσύνης
376 2261 509 2344 καὶτῆς
534 2257 634 2344 άλλης
654 2263 772 2339 κακίας
792 2262 953 2346 ἑπομένας
974 2263 1079 2348 πολλή
1103 2291 1168 2333 που

159 2359 275 2445 άλογία
298 2365 345 2447 τῷ
363 2363 411 2446 νῷ
429 2357 588 2443 μιγνύναι
603 2354 664 2424 τόν
680 2358 889 2446 βουλόμενον
906 2359 926 2429 ό
943 2388 974 2428 τι
991 2370 1168 2450 καλλίστην
1189 2380 1192 2385 “

110 2479 144 2532 64
161 2457 274 2524 ἰδόντα
291 2456 346 2521 καὶ
363 2455 665 2541 άστασιαστοτάτην
681 2461 768 2542 μῖξιν
789 2461 845 2526 καὶ
865 2466 986 2545 κρᾶσιν
1007 2465 1043 2528 ἐν
1064 2461 1168 2548 ταύτῃ

160 2564 282 2640 μαθειν
298 2562 494 2638 κειρασθαι,
516 2560 550 2621 τί
559 2579 638 2621 ποτε
655 2561 692 2621 ἕν
708 2581 743 2622 τε
753 2553 925 2646 άνθριόνιφ
941 2560 1057 2645 καὶτῷ
1070 2562 1168 2626 παντὶ

160 2656 311 2738 πέφυκεν
321 2648 456 2736 ἀγαθόν
465 2655 520 2718 και
530 2660 604 2718 τίνα
616 2652 762 2719 ἰθέαν’
719 2680 826 2740 αυτην
838 2655 925 2722 εἰναί
933 2681 1012 2723 ποτε
1023 2684 1169 2742 μαντευ-

159 2754 244 2817 τέον.
265 2750 321 2865 ἀρ’
339 2746 400 2816 οὐκ
418 2749 594 2835 ἐμφρόνως
610 2758 713 2817 ταῦτα
730 2755 785 2820 και
806 2752 945 2839 ἐχόντως
966 2754 1086 2821 εαντόν
1108 2753 1168 2822 τόν

159 2856 244 2916 νοῦν
256 2845 407 2933 φήσομεν
417 2844 501 2931 ὑπέρ
512 2874 547 2914 τε
558 2845 664 2915 αὑτοῦ
651 2850 730 2914 καί
741 2874 871 2935 μνημης
883 2851 939 2916 καί
951 2848 1077 2934 δόξης’
1061 2862 1167 2940 ορθῆς

160 2941 452 3026 ἀποκρίνασθαι
417 2969 456 3010 τα
468 2952 533 3011 νῦν
544 2947 709 3031 ῥηθέντας

242 3064 345 3126 ΠΡΩ.
379 3057 578 3126 Παντάπασι
590 3051 737 3145 μὲνοῦν.

243 3176 318 3240 ΣΩ.
351 3167 447 3240 Ἀλλά
458 3169 589 3258 μηνκαὶ
601 3173 678 3240 τόδε
688 3197 727 3257 γε
743 3169 943 3259 ἀναγκαίου,
966 3173 1021 3241 καί
1032 3173 1096 3243 οῦκ
1106 3173 1163 3244 άλ-

160 3275 224 3346 λως
235 3266 278 3336 άν
289 3292 368 3336 ποτε
377 3272 505 3355 γένοιτο
517 3266 592 3336 οὐδ’
604 3264 648 3337 άν
662 3271 706 3340 ἓν.

114 3401 142 3447 Β
239 3386 344 3449 nm.
381 3377 426 3448 Τό
439 3395 551 3462 κοίους
