2408 3780
144 163 204 224 ιον
510 160 789 222 ammoy.
1050 174 1062 254 j
1112 140 1160 229 ις

141 322 271 408 ἐντύχοι
282 320 408 410 ἡμίσει,
420 320 440 389 ὃ
452 320 492 409 ῦη
504 329 569 390 νῦν
579 335 721 408 γυναῖκα
733 328 915 406 καλοῦμεν,
933 315 992 388 είτ’
1007 315 1149 406 ύνῦρύς·

141 422 196 489 καὶ
208 419 314 501 οὕτως
325 419 532 489 ύπύλλυυτο.
556 420 690 507 ἐλεήσας
701 419 736 488 δὲ
749 419 765 488 ὁ
784 419 869 498 Ζεύς
881 417 986 504 ἄλλην
996 414 1175 513 μηχανῆνῗ·

140 526 319 606 πορίζεται,
342 522 397 589 καὶ
414 525 629 605 μετατίθησιν
647 516 759 586 αύτῦν
774 516 814 586 τοὶ
832 522 939 585 αἰδοία
956 511 1050 596 είςτό
1063 517 1163 605 πρός

139 627 239 686 σθεν·
262 621 341 698 τέως
359 619 423 706 γὰρ
443 621 611 686 καὶταῦτα
625 615 716 697 έκτὸς
731 615 835 703 εἶχον,
857 621 912 684 καὶ
930 618 1077 700 ἐγέννων
1093 614 1166 701 καλῇ

101 728 121 781 G
140 723 269 785 ἔτικτον
280 715 342 786 οῦκ
360 723 405 796 είς
416 716 580 804 ἀλλήλους
591 713 666 785 ἀλλ’
680 724 726 796 είς
736 725 817 803 γῆν,
831 714 942 801 ὥσπερ
954 719 987 782 οί
995 717 1146 800 τέττιγες.

138 820 301 935 μετέθηκέ
310 842 344 883 τε
356 808 418 884 ούν
429 816 534 896 οὕτως
545 814 658 884 αὐτῶν
669 821 714 895 είς
723 814 760 884 τὸ
773 816 925 902 πρόσθεν
936 814 991 880 καὶ
1003 809 1056 880 ῦιοὶ
1069 813 1150 881 τού-
1162 804 1175 885 ’Ῑ.

138 940 205 982 των
216 913 278 1001 την
289 917 419 1000 γένεσιν
430 918 466 984 έν
477 914 630 1002 ἀλλήλοις
642 917 788 1000 ἐποίησε,
813 911 866 980 διὰ
883 919 945 980 τοῦ
957 911 1099 1077 ἄρρενος
1111 913 1150 980 έν
1169 918 1179 927 ’“

138 1020 183 1102 τῷ
201 1012 316 1099 θήλει,
342 1015 484 1080 τῦνῦε“
465 1039 578 1101 ενεκα,
599 1018 655 1081 ι’να
672 1015 709 1080 έν
725 1039 765 1100 τη
753 1008 988 1098 συμπλοκη’
966 1007 1085 1096 αμαμὲ
1087 1038 1107 1077 ν
1120 1015 1166 1078 εί.
1171 1008 1189 1093 Ι

139 1108 225 1196 ἀνὴρ
246 1113 378 1195 γυναικὶ
400 1111 544 1197 ἐντύχοι,
567 1119 713 1202 γεννῷεν
735 1112 789 1179 καὶ
808 1117 954 1196 γίγνοιτο
979 1106 1016 1176 τό
1040 1113 1189 1195 γένος,·-·
1181 1170 1189 1195 ,

140 1207 251 1293 εἵμαθ’
270 1214 300 1276 εί
315 1213 368 1276 και
380 1207 488 1296 ἄρρην
499 1207 629 1297 ύρρενι,
652 1207 824 1296 πλησμονη
838 1217 921 1294 γοῦν
932 1213 1079 1293 γίγνοιτο
1090 1213 1148 1293 τῆς

140 1314 321 1387 συνουσίας
333 1334 386 1375 και
377 1309 614 1377 θιαπαῦοιντο
627 1312 683 1377 καὶ
700 1307 798 1378 ἐπὶ
763 1337 802 1377 τα
814 1315 893 1395 ἔργα
904 1310 1078 1396 τρέποιντο
1091 1300 1149 1376 καὶ

139 1413 200 1473 τοῦ
211 1405 317 1474 ἄλλον
331 1413 408 1495 βίου
422 1410 636 1494 ἐπιμελοῖντο.
660 1412 728 1476 ἔστι
745 1407 784 1494 δη
797 1400 860 1475 ούν
872 1411 906 1475 ἐκ
918 1406 1020 1477 τόσου
1032 1403 1050 1475 ὁ
1064 1410 1146 1492 ἔρως
1184 1490 1187 1495 Ι

102 1521 122 1570 Ι)
139 1508 283 1591 ἔμφυτος
294 1504 447 1594 ἀλλήλων
458 1520 524 1586 τοῖς
535 1504 728 1592 ύνθρύποις
736 1509 792 1575 καὶ
800 1514 857 1594 της
867 1505 1001 1593 ἀρχαίας
1013 1503 1147 1592 φύσεως
1185 1592 1189 1597 Ι

139 1605 353 1690 συναγωγεῦς
369 1607 423 1673 καλ
441 1608 614 1692 ἐπιχειρῶν
631 1615 762 1693 ποιῆσαι
776 1609 813 1674 ἓν
824 1609 860 1673 ἐκ
874 1609 969 1672 ῦυοῑν
980 1605 1035 1672 καλ
1047 1604 1146 1671 ίοέσα-

139 1711 220 1768 σθαι
231 1702 406 1789 τὴνφύσιν
416 1701 719 1793 τὴνύνθρωπίνην.

220 1808 300 1870 XVI.
323 1800 480 1882 Ἕκαστος
491 1796 554 1871 οῦν
563 1803 659 1892 ἡμῶν
670 1807 758 1874 ἐστὶν
768 1803 954 1890 ἀνθρώπου
965 1802 1145 1890 ξύμβολον,

137 1897 195 1965 ἅτε
208 1905 405 1986 τετμημένος
416 1900 527 1991 οἵσπερ
541 1909 577 1971 αί
585 1913 719 1992 ψῆτται,
732 1908 764 1986 ἐξ
776 1902 849 1983 ένὸς
860 1902 930 1970 δύο.
944 1908 1031 1988 ζητεῖ
1038 1899 1079 1988 ῦη
1094 1899 1147 1971 ἀεὶ

136 1995 172 2064 τὸ
192 1995 298 2066 αὑτοῦ
314 2001 450 2082 ἕκαστος
469 2005 644 2090 ξύμβολον.
669 2002 742 2072 ὅσοι
760 2004 821 2090 μὲν
840 1995 903 2070 ούν
920 2009 987 2070 τῶν
1009 2001 1146 2085 ἀνδρῶν

135 2105 196 2162 τοῦ
207 2105 323 2165 κοινοῦ
340 2102 449 2187 τμημύ
461 2108 560 2188 είσιν,
579 2101 599 2170 ὃ
615 2099 655 2188 θη
674 2101 748 2168 τότε
764 2099 975 2188 ἀνδρόγυνον
986 2103 1145 2188 ἐκαλεῖτο,

136 2194 370 2279 φιλογύναικές
386 2197 417 2265 τ’
436 2203 498 2268 είσὶ
515 2204 569 2268 καὶ
586 2207 620 2270 οἱ
632 2202 747 2269 πολλοὶ
758 2208 826 2268 τοῖν
836 2210 960 2288 μοιχῶν
972 2205 1007 2270 ἐκ
1019 2201 1145 2269 τούτου

100 2307 120 2356 Ε
139 2295 329 2378 τοῦγένους
340 2298 512 2386 γεγόνασι,
535 2301 590 2368 καὶ
608 2300 683 2368 ὅσαι
700 2293 745 2368 αύ
756 2315 909 2387 γυναῖκες
920 2305 1102 2387 φίλουῦροί
1108 2325 1145 2368 τε

134 2396 188 2460 καὶ
200 2395 417 2484 μοιχεύτριαι,
442 2401 478 2467 ἐκ
490 2400 613 2468 τούτου
623 2408 684 2468 τοῦ
694 2404 812 2486 γένους
822 2405 1001 2486 γίγνονται.
1019 2397 1096 2466 ὅσαι
1107 2400 1145 2465 δὲ

134 2498 202 2557 τῶν
213 2502 383 2575 γυναικῶν
393 2498 551 2582 γυναικὸς
561 2499 671 2586 τμημύ
688 2505 786 2587 είσιν,
812 2498 854 2567 οῦ
865 2500 956 2568 πάνυ
967 2489 1065 2566 αύται
1075 2510 1145 2576 τοῖς

134 2587 276 2675 ἀνδράσι
288 2589 347 2658 τὸν
363 2599 448 2661 νοῦν
465 2600 701 2684 προσέχουσιν,
724 2597 807 2668 ἀλλὰ
830 2608 956 2686 μᾶλλον
979 2594 1062 2684 πρὸς
1083 2594 1143 2676 τοὶς

132 2700 293 2772 γυναῖκας
303 2696 519 2778 τετραμμέναι
530 2699 594 2763 είσί
597 2746 607 2780 ,
630 2699 734 2765 καλαί
749 2699 959 2783 έιαιρίστριαι
970 2701 1005 2765 ἐκ
1017 2696 1143 2764 τούτου

133 2811 193 2852 του
181 2788 322 2869 γένους
334 2789 546 2874 γίγνονται.”
526 2810 600 2860 οσοι
611 2793 678 2864 BV
657 2821 796 2883 αρρενος
807 2806 915 2885 τμῆμα
908 2797 1008 2882 ἐίσι,
1026 2795 1066 2863 τὰ
1079 2821 1142 2881 αρ-

132 2909 212 3005 ρευα
225 2885 399 2972 ῦιύκουσι,
416 2888 560 2968 καλτέως
570 2888 664 2975 μέν“
642 2920 686 2960 αν
696 2888 847 2974 παίῦες
820 2916 917 2982 ωσιν,
937 2893 994 2964 οἵτε
1004 2895 1140 2983 τεμάχια

132 2981 213 3050 ὄντα
225 2990 285 3051 τοῦ
297 2981 446 3072 ύρρευος,
459 2995 595 3072 φιλοῦσι
603 2989 682 3071 τούς
693 2991 817 3082 ύνῦρας
828 2997 883 3062 καὶ
893 3001 1044 3082 χαίρουσι
1056 3014 1142 3080 συγ·

62 3094 115 3150 192
134 3088 362 3169 κατακείμενοι
378 3085 434 3154 καὶ
445 3095 730 3177 συμπεπλεγμένοι
741 3092 976 3183 τολςύνῦρύσι,
988 3121 1045 3162 και
1040 3100 1141 3163 εἰσιν

131 3174 224 3249 οῦτοι
235 3185 395 3269 βέλτιστοι
406 3193 475 3254 τῦν
486 3209 532 3255 πα
532 3192 680 3260 ίδωνκαλ
691 3199 887 3279 μειρακίων,
910 3191 967 3261 ἅτε
985 3188 1142 3279 ἀνδρειό-

129 3304 220 3347 τατοι
231 3277 324 3361 ὄντες
335 3283 445 3369 φύσει.
459 3288 541 3373 φασί
559 3287 594 3357 δέ
596 3288 652 3410 ὄχ’
666 3315 753 3371 τινες
764 3287 887 3370 αύτούς
897 3288 1140 3377 ἀναισχύντους

128 3376 224 3466 ίναι,
232 3381 449 3470 ψευδομενοι
461 3383 578 3474 ουγαρ
587 3413 634 3455 υπ
632 3383 883 3476 αναισχνυτίας
892 3415 989 3459 τουτο
1000 3394 1137 3478 ὄρεσσιν,
