2422 3780
131 145 152 208 2
497 140 783 200 ΠΛΑΤΩΝΟΣ

131 301 205 373 ἀλλ’
220 309 250 372 εί
259 308 323 388 δεῖ,
347 312 449 389 ίωμεν
466 297 545 382 παρ’
564 294 683 365 αὐτόν·
704 297 778 382 άρτι
794 297 857 383 γάρ
876 298 1013 364 ἐνθένδε
1025 302 1137 364 οἴκαδε

65 419 114 476 127
131 413 270 489 οίχεται,
283 408 369 470 οίκεῖ
383 405 418 468 δέ
432 394 586 486 ε’γγύςέν
595 402 731 483 Μελίτη.
755 404 857 462 ταῦτα
868 394 1014 474 είπόντες
1025 399 1134 482 ε’βαδίι

131 508 238 588 ζομεν,
262 503 316 568 καὶ
334 500 559 586 κατελάβομεν
578 497 638 564 τόν
657 494 859 580 Ἀντιφῶντα
877 503 978 579 οίιιοι,
1001 495 1137 578 χαλινόν

131 626 204 668 τινα
221 607 336 685 χαλκεῖ
344 599 516 667 ἐκδιδόντα
528 595 702 663 σκευάσαι·
721 591 831 678 ἐπειδη
845 593 879 659 δέ
891 595 1019 660 ἐκείνου
1031 591 1137 679 άπηλ«

131 697 215 782 λάγη
237 700 271 764 οῖ’
293 723 327 764 τε
353 695 491 782 άδελφολ
514 701 629 779 έλεγον
655 689 744 780 αὐτῷ
773 682 823 758 οἷν
846 693 943 758 ἕνεκα
966 707 1136 778 παρεῖμεν,

131 795 335 881 άνεγνιόρισέ
350 797 388 863 τέ
395 822 434 882 με
445 796 481 862 ἐκ
492 801 550 880 τῆς
561 793 721 877 προτέρας
733 791 901 876 ἐπιδημίας
913 795 971 856 καί
978 815 1017 874 με
1027 787 1134 874 ἠσπά-

132 901 218 979 ζετο,
240 895 295 961 καὶ
317 897 483 979 δεομένων
505 888 600 976 ἡμῶν
622 893 768 956 διελθεῖν
789 888 867 967 τούς
884 888 1004 973 λόγους
1019 887 1056 955 τό
1075 889 1137 973 μὲν

132 999 266 1077 πρῶτον
284 990 398 1058 τόκνει·
421 987 506 1056 πολὺ
520 987 584 1074 γάρ
596 993 659 1073 ἔφη
671 994 770 1073 ἔργον
781 987 880 1056 εἶναι·
903 994 1012 1056 ἔπειτα
1024 989 1134 1074 μέντοι

133 1094 282 1175 διηγεῖτο.
307 1094 370 1173 ἔφη
388 1088 423 1156 δὲ
447 1085 487 1173 δη
506 1087 524 1155 ὁ
542 1085 707 1172 Ἀντιφῶν
724 1090 832 1173 λέγειν
848 1085 908 1154 τόν
923 1087 1135 1172 Πυθόδωρον

93 1208 113 1257 Β
133 1187 183 1256 ὅτι
195 1185 370 1273 ἀφίκοιντό
387 1211 465 1255 ποτε
484 1193 529 1265 είς
539 1185 763 1271 Παναθήναια
781 1182 820 1251 τοὶ
832 1185 959 1271 μεγάλα
970 1185 1090 1269 Ζήνων
1101 1208 1136 1250 τε

131 1289 186 1354 καὶ
208 1290 426 1373 Παρμενίδης.
449 1284 509 1353 τόν
531 1287 592 1372 μὲν
613 1276 676 1351 οὖν
693 1288 907 1369 Παρμενίδην
924 1275 963 1350 εό
984 1282 1071 1368 μάλα
1094 1281 1133 1367 δὴ

132 1383 322 1472 πρεσβύτην
333 1383 433 1470 εἶναι,
451 1385 582 1470 σφόδρα
594 1383 728 1466 πολιόν,
746 1379 851 1450 καλόν
863 1383 897 1450 δὲ
908 1378 1062 1466 τάγαθόν
1072 1378 1131 1466 τὴν

132 1483 227 1569 ὅφιν,
251 1486 324 1565 περὶ
341 1488 395 1571 έτη
414 1485 553 1570 μάλιστα
571 1485 667 1550 πέντε
685 1484 739 1548 καὶ
750 1482 922 1566 ἑξήκοντα·
945 1480 1087 1565 Ζήνωνα
1099 1481 1134 1547 δὲ

132 1580 229 1667 ίγγός
247 1585 330 1649 ἐτῶν
347 1582 587 1668 τετταράκοντα
603 1581 677 1648 τότε
695 1579 794 1663 είναι,
818 1577 943 1666 εὐμήκη
957 1581 992 1646 δὲ
1009 1581 1063 1645 καὶ
1074 1605 1134 1663 χαε

132 1688 244 1764 ρίεντα
255 1685 353 1747 ίδεῖν·
366 1684 420 1747 καὶ
431 1684 585 1765 λέγεσθαι
595 1677 699 1747 αὐτόν
710 1678 844 1746 παιδικά
856 1681 1135 1764 τοῦΠαρμενίδου

131 1782 312 1864 γεγονέναι.
325 1779 502 1845 καταλύειν
520 1778 555 1846 δὲ
566 1775 688 1856 αὐτοὺς
704 1783 767 1863 έφη
779 1775 867 1860 παρά
880 1786 926 1865 τςό
936 1776 1134 1865 Πυθοδωρφ

94 1889 112 1941 O
131 1876 223 1955 ἐκτός
237 1883 363 1961 τείχους
379 1878 415 1944 έν
432 1884 641 1966 Κεραμεικῷ·
665 1873 699 1944 οἷ
713 1876 753 1962 δη
768 1878 822 1943 καλ
839 1873 1020 1961 ἀφικέσθαι
1030 1875 1091 1941 τόν
1101 1900 1135 1941 τε

131 1973 293 2060 Σωκράτη
311 1976 366 2042 καὶ
383 1973 504 2054 άλλους
524 1973 616 2054 τινάς
632 1971 702 2061 μετ’
722 1972 828 2040 αὐτοῦ
844 1974 998 2059 πολλούς,
1017 1978 1136 2041 ἐπιθυ-

131 2080 275 2159 μοῦντας
289 2071 431 2140 άκοῦσαι
441 2082 509 2142 των
519 2081 580 2140 τοῦ
591 2075 748 2161 Ζήνωνος
759 2074 976 2160 γραμμάτων·
987 2072 1060 2141 τότε
1071 2070 1135 2158 γάρ

131 2169 215 2239 αὐτά
227 2181 361 2255 πρῶτον
371 2170 430 2240 ὑπ’
445 2175 581 2241 ἐκείνων
591 2181 808 2260 κομισθῆναι·
831 2174 995 2260 Σωκράτη
1007 2173 1042 2240 δὲ
1053 2171 1135 2239 εἶναι

131 2270 204 2338 τότε
217 2271 349 2356 σφόδρα
360 2274 446 2339 νέον.
459 2269 721 2358 ἀναγιγνώσκειν
733 2265 795 2340 οὖν
807 2272 918 2352 αὐτοῖς
928 2270 1134 2357 τδυΖήνωυα

133 2368 252 2454 αὐτόν,
275 2367 336 2438 τόν
358 2371 393 2438 δέ
413 2377 629 2458 Παρμενίδην
649 2386 759 2458 τυχεῖν
776 2376 836 2452 ἔξω
855 2370 951 2439 όντα·
973 2372 1028 2440 καὶ
1053 2368 1145 2455 εἶναι,

132 2467 223 2535 πάνυ
240 2467 346 2554 βραχό
365 2475 412 2536 ἔτι
429 2467 547 2537 λοιπόν
564 2478 632 2536 τοῖν
651 2471 762 2556 λόγων
783 2467 1135 2556 ἀναγιγνωσκομένων,
1166 2498 1173 2505 ·

89 2580 112 2631 Ι)
131 2563 230 2652 ἡνίκα
243 2564 341 2645 αὐτος
354 2593 388 2634 τε
399 2570 604 2636 ἐπεισελθεῖν
615 2565 707 2655 ἔφηὸ
725 2568 934 2654 Πυθόδωρος
945 2573 1071 2648 ἔξωθεν
1082 2570 1137 2634 καλ

132 2661 191 2730 τόν
203 2668 416 2751 Παρμενίδην
427 2664 493 2752 μετ’
505 2665 610 2734 αὐτοῦ
619 2669 674 2736 καλ
683 2663 885 2753 Ἀριστοτέλη
895 2664 955 2734 τόν
964 2675 1033 2734 τοῖν
1043 2666 1133 2752 τριά·

131 2788 232 2830 κοντα
252 2763 452 2851 γενόμενον,
477 2767 532 2833 καί
557 2762 669 2852 σμίκρ’
692 2764 772 2832 άττα
797 2771 844 2833 ἔτι
865 2767 1048 2833 ἐπακοῦσαι
1068 2772 1136 2832 των

129 2861 348 2949 γραμμάτων·
360 2860 401 2931 οὐ
413 2861 480 2949 μην
491 2860 589 2942 αὐτός
600 2890 647 2950 γε,
660 2862 743 2933 άλλά
755 2863 985 2951 καὶπρότερον
996 2859 1137 2950 άκηκοέ-

130 2986 186 3028 ναι
195 2968 257 3028 τοῦ
267 2959 432 3046 Ζήνωνος.

213 3065 248 3126 11.
297 3057 365 3127 Τδν
375 3051 440 3126 οὖν
448 3058 612 3148 Σωκράτη
623 3059 814 3128 ἀκούσαντα
825 3061 925 3130 πάλιν
935 3088 970 3130 τε
981 3067 1136 3130 κελεῦσαι

130 3155 191 3243 τὴν
201 3156 339 3244 πρωτην
349 3152 515 3226 ὑπόθεσιν
525 3165 587 3226 τοῦ
601 3158 737 3246 πράτου
747 3158 851 3245 λόγον
862 3156 1068 3245 άναγνοῖναι,
1079 3160 1137 3227 καὶ

90 3268 111 3319 E
129 3254 416 3345 άναγυωσθείσης,
430 3263 523 3345 Πῶς,
536 3257 657 3345 φάναι,
669 3249 844 3344 ιόΖήνων,
863 3265 960 3326 τοῦτο
973 3260 1091 3342 λέγεις;
1104 3263 1134 3326 εί

127 3354 235 3421 πολλά
253 3353 375 3422 ἐστιτὰ
393 3351 491 3439 ὄντα,
514 3352 558 3436 οῖς
575 3355 640 3439 άρα
657 3360 710 3424 δεῖ
723 3353 806 3424 αότά
825 3353 924 3442 ὅμοιά
939 3381 973 3424 τε
985 3354 1134 3425 εἶναικαὶ
