2408 3780
439 111 758 170 ΣΥΜΠΟΣΙΟΝ.
1043 113 1102 177 147

61 266 64 271 ’
96 288 188 346 ’ματος
204 264 242 335 δέ
260 260 310 334 ῶν
326 277 491 353 μεγίστων
507 265 649 354 άχαδῶν
665 266 743 356 ἡμῖν
755 271 857 351 αἰτιός
868 275 964 339 ἐστιν.
985 272 1026 339 ού
1037 273 1101 360 γάρ

92 362 190 454 ἰγωγ’
212 370 276 452 ἐχω
297 371 401 435 εἰπεῖν
422 364 443 435 ὅ
463 393 494 435 τι
515 368 625 454 μεῖζόν
645 371 734 436 ἐστιν
755 367 888 456 άχαθδν
910 368 1015 449 εύδύς
1037 378 1101 461 νέφ

94 462 163 533 δντι
180 458 203 553 ἢ
219 462 358 551 ἐραστὴς
374 462 516 553 χρηστὸς
529 467 584 534 καί
604 468 725 555 ἐραστῇ
747 467 891 536 παιδικά.
914 464 934 535 δ
955 468 1018 554 γάρ
1039 468 1100 555 χρὴ

93 560 285 649 άνδρῶποις
296 560 451 650 ἡγεῖσθαι
462 564 585 644 παντὸς
594 573 655 631 τοῦ
661 572 739 653 βίον
748 581 815 646 τοῖς
825 570 982 652 μέλλουσι
994 575 1102 645 καλῶς

10 696 13 707 ·
94 660 289 749 βιάσεσθαι,
311 669 410 731 τοῦτο
436 660 513 731 οὔτε
532 666 706 749 σνχγένεια
722 669 776 733 οἰα
792 691 826 733 τε
844 668 991 751 ἐμποιεῖν
1013 663 1101 733 οὕτω

10 796 15 813 ·
95 760 287 841 ιαλῶςούτε
298 763 387 848 τιμαὶ
398 759 475 830 οὔτε
493 770 636 842 πλοῦτος
653 761 727 831 οὔτ’
745 763 827 833 άλλο
839 763 940 834 οὐδὲν
953 763 996 843 ῶς
1008 771 1098 850 ἔρως.
1117 786 1139 835 Β

10 905 16 914 ·
95 862 174 947 λέχω
186 858 223 929 δέ
236 856 278 947 δὴ
295 864 330 928 τί
341 867 457 942 τοῦπος
478 859 540 947 τὴν
552 862 603 930 ἐπὶ
614 862 675 947 μὲν
693 877 760 942 τοίς
770 868 916 951 αἰσχροῖς
927 867 1099 952 αἰσχύνην,

10 989 19 1038 ς
96 962 141 1029 ἐπὶ
159 962 196 1029 δὲ
210 972 279 1040 τοῖς
294 968 408 1040 ιιαλοίς
425 967 628 1047 φιλοτιμίαν·
648 958 689 1028 οὐ
700 961 765 1048 γάρ
779 963 961 1033 ἐστινάνευ
972 965 1100 1032 τούτων

14 1088 20 1101 ·
98 1056 169 1127 οὔτε
179 1059 279 1129 πόλιν
290 1057 367 1129 οὔτε
379 1059 514 1147 ἰδιύτην
525 1061 653 1147 μεγάλα
670 1064 725 1131 καλ
742 1062 827 1132 καλά
841 1070 920 1152 ἔργα
933 1065 1099 1149 ἐξεργάζε-
1114 1074 1119 1083 ’

10 1198 23 1207 -
99 1168 179 1227 σθαι.
202 1162 287 1246 φημί
307 1166 423 1228 τοίνυν
444 1160 509 1245 ἐχῶ
532 1157 639 1245 άνδρα
660 1160 749 1242 ὅστις
769 1166 845 1253 ἐρᾷ,
869 1174 900 1232 εί
913 1190 944 1230 τι
961 1163 1098 1248 αἰσχρὰν

10 1263 23 1332 ἕ
99 1266 195 1327 ποιῶν
210 1258 395 1346 κατάδηλος
411 1268 555 1346 γίγνοιτο
572 1254 594 1345 ἢ
615 1257 751 1345 πάσχων
773 1257 841 1328 ὑπό
857 1288 919 1329 τοο
936 1260 979 1329 δι’
993 1261 1098 1329 άναν-

10 1381 18 1418 .·
101 1358 189 1439 δρίαν
199 1354 243 1443 μὴ
254 1353 481 1445 ἀμυνόμενος,
506 1353 577 1425 οὔτ’
597 1351 641 1424 άν
658 1354 722 1426 ὑπὸ
736 1359 858 1444 πατρὸς
875 1357 1024 1445 ὀφθέντα
1037 1358 1097 1426 ού-

21 1480 26 1491 ’
101 1480 155 1535 τως
171 1453 312 1543 άλχῆσαι
329 1454 406 1525 οὔτε
423 1454 488 1524 δπδ
510 1459 649 1539 ἐπαίρων
667 1454 743 1523 οὔτε
763 1454 822 1523 ὑπ’
841 1457 945 1526 ἄλλον
957 1456 1097 1536 οὐδενὸς

96 1550 139 1635 ῶς
158 1550 222 1623 ὑπὸ
244 1558 416 1623 παιδικῶν.
445 1552 568 1623 ταύτόν
595 1554 630 1623 δὲ
652 1562 749 1622 τοῦτο
773 1555 827 1622 καὶ
848 1553 908 1623 τὸν
929 1558 1135 1644 ἐρῶμενονα

10 1677 12 1685 ·
103 1646 236 1740 δρῶμεν,
250 1650 301 1722 ὅτι
314 1652 540 1741 διαφερόντως
549 1651 627 1733 τούς
639 1654 778 1739 ἐραστάς
789 1652 993 1741 αἰσχύνεται,
1017 1652 1097 1721 ὅταν

14 1773 30 1829 ·,
104 1744 186 1841 δφδῇ
204 1755 241 1821 ἐν
259 1757 383 1842 αἰσχρῷ
398 1753 462 1820 τινὶ
480 1749 537 1820 ῶν.
561 1757 591 1820 εἰ
599 1744 662 1820 οὖν
673 1752 802 1839 μηχανή
816 1779 864 1832 τις
874 1756 1001 1837 γένοιτο
1014 1751 1097 1820 ῶστε

104 1850 189 1921 τύλιν
204 1854 361 1937 γενέσθαι
378 1846 400 1937 ἦ
416 1851 640 1937 στρατόπεδον
655 1854 802 1935 ἐραστῶν
814 1877 847 1918 τε
858 1852 912 1918 καί
923 1854 1097 1938 παιδικῶν,

104 1949 154 2019 οὐκ
171 1956 261 2021 ἐστιν
276 1948 366 2030 ὅπως
383 1945 427 2017 άν
443 1948 581 2036 άμεινον
592 1950 759 2037 οἰκήσειαν
771 1947 832 2036 τὴν
845 1952 973 2018 ἑαυτῶν
983 1944 1006 2036 ἢ
1016 1947 1097 2017 άπε-

21 2038 30 2059 *
104 2048 224 2135 ιύμενοι
241 2048 377 2117 πάντων
395 2055 463 2116 τῶν
482 2054 628 2134 αἰσχρῶν
645 2052 698 2116 καὶ
721 2046 994 2135 φιλοτιμούμενοι
1016 2047 1099 2133 πρὸς

12 2178 35 2189 ·
103 2144 270 2239 άλλήλους·
283 2149 338 2217 καὶ
349 2149 532 2234 μαχόμενοί
545 2145 577 2233 γ’
592 2141 634 2213 άν
650 2144 720 2233 μετ’
740 2145 892 2233 ἀλλήλων
910 2151 944 2215 οἰ
953 2154 1097 2216 τοιοῦτοι
1114 2163 1166 2221 179

21 2237 29 2257 “
103 2254 210 2339 νικῷεν
221 2242 266 2316 άν
283 2244 389 2332 ύλίχοι
400 2242 507 2333 ὅντες,
531 2243 575 2325 ῶς
591 2252 667 2326 ἔπος
680 2253 798 2332 εἰπεῖν,
821 2247 946 2325 πάντας
958 2243 1097 2332 άνθρῶ-

10 2363 34 2410 :·
102 2370 181 2427 τους.
205 2346 293 2435 ἐρῶν
309 2342 374 2431 γάρ
396 2341 482 2432 άνὴρ
505 2342 570 2412 ὑπὸ
593 2349 755 2412 παιδικῶν
776 2343 927 2430 ὀφθῆναι
948 2340 970 2430 ἢ
991 2346 1097 2411 λιπῶν

10 2465 15 2474 ’
102 2444 182 2529 τάξιν
198 2439 221 2533 ἢ
239 2442 327 2513 ὅπλα
343 2441 525 2531 άποβαλῶν
541 2435 641 2530 ἦττον
658 2439 700 2512 άν
718 2442 757 2529 δή
776 2467 844 2510 που
860 2445 985 2523 δέξαιτο
996 2437 1018 2528 ἢ
1030 2438 1095 2508 ὑπὸ

23 2534 32 2557 '
102 2542 223 2615 πάντων
234 2550 302 2613 τῶν
312 2540 435 2630 ἄλλων,
446 2545 501 2612 καὶ
512 2542 576 2629 πρὸ
588 2542 709 2612 τούτου
718 2540 878 2609 τεθνάναι
888 2535 1098 2619 άνπολλάκις

84 2642 211 2713 ¹Hono·
233 2640 368 2730 καὶμὴν
384 2645 611 2729 ἐγκαταλιπεῖν
628 2667 664 2727 γε
681 2639 720 2708 τά
733 2638 868 2708 παιδικά
878 2635 901 2727 ἢ
911 2641 955 2727 μὴ
968 2647 1097 2729 βοηθῆ-

83 2738 146 2819 Ϊιαι
155 2740 405 2828 κινδυνεύοντι,
423 2739 532 2822 οὐδεὶς
543 2740 630 2811 ούτω
641 2740 759 2825 κακός,
777 2737 893 2807 ὅντινα
906 2736 967 2807 οὐκ
980 2735 1023 2806 άν
1035 2736 1095 2806 αύ-

100 2839 146 2923 ιδς
162 2838 301 2926 δ’Ἐρως
318 2843 440 2908 ἔνθεον
456 2839 600 2928 ποιήσειε
617 2837 700 2924 πρὸς
717 2835 853 2925 άρετήν,
877 2835 963 2906 ὥσθ’
981 2836 1098 2923 ὅμοιον

10 2968 35 2984 ’·
99 2938 174 3009 εἰναι
184 2946 233 3031 τῷ
243 2935 366 3029 άρίστμ
379 2939 490 3026 φύσει,
503 2941 557 3008 καὶ
568 2937 720 3025 άτεχνῶς,
732 2934 750 3005 δ
762 2934 986 3024 ἐφηὍμηρος,
1000 2937 1098 3022 μένος
1117 2952 1135 3000 Β

98 3042 272 3127 ἐμπνεῦσαι
283 3039 382 3117 ἐνίοις
392 3044 460 3106 τῶν
470 3034 591 3124 ἡράων
601 3038 660 3105 τὸν
670 3035 765 3120 θεόν,
778 3042 876 3103 τοῦτο
888 3032 906 3102 δ
916 3034 1022 3119 Ἔρως
1032 3044 1098 3111 τοίς

98 3142 190 3227 ἐρῶσι
198 3143 335 3226 παρέχει
346 3137 545 3225 γιγνόμενον
556 3134 635 3220 παρ’
650 3131 761 3201 αὑτοῦ.

174 3246 242 3312 vll.
284 3238 351 3305 Καὶ
361 3235 427 3323 μὴν
439 3232 753 3322 ὑπεραποθνήσκειν
764 3257 800 3317 χε
812 3230 911 3317 μόνοι
922 3233 1097 3299 ἐθέλουσιν

11 3369 28 3381 ·
98 3344 127 3409 οἰ
133 3346 292 3427 ἐρῶντες,
315 3333 357 3405 ού
373 3335 479 3423 μόνον
493 3333 545 3404 ὅτι
563 3334 696 3420 ἅνδρες,
719 3328 801 3400 άλλίι
819 3332 873 3400 καὶ
889 3334 1096 3486 οχίχχνναϊκις.
