2408 3780
149 157 211 220 194
513 157 797 216 ακκτιιαοε
1079 113 1082 117 ’
1108 142 1157 217 αἳ

149 328 212 400 λως
223 312 266 386 33
277 323 343 404 ἔχοι
354 319 410 386 καὶ
421 316 503 402 πρὸς
516 313 673 383 ὁντινοῦν
684 319 806 401 λέγειν·
819 314 856 384 τό
871 315 904 384 δ’
918 320 1077 386 ἐντεῦθεν
1085 315 1137 386 03ae
1187 326 1190 343 ²

148 417 192 484 άν
202 442 268 503 μου
279 413 442 503 ἠκούσατε
459 417 628 501 λέγοντος,
641 419 672 482 εί
680 412 724 501 μὴ
737 422 869 499 πρῶτον
879 416 951 502 μέν,
965 415 1002 483 τό
1016 414 1141 502 λεγόμε·
1164 496 1169 503 .

147 540 225 601 νον,
248 513 336 593 σίνος
353 512 436 581 άνευ
457 538 492 580 τε
503 515 631 579 παίδων
647 513 703 580 καὶ
719 510 799 597 μετά
817 517 945 580 παίδων
957 506 1001 600 ἦν
1012 510 1142 600 ἀληθής,
1163 512 1167 519 ’

87 650 89 654 ⁴
148 617 256 679 ἔπειτα
268 609 428 696 ἀφανίσαι
444 609 647 697 Σωκράτους
662 614 763 694 ἔργον
774 605 990 697 ὑπερήφανον
1002 617 1048 690 είς
1058 616 1145 680 ἔπαι·
1167 656 1173 665 -

147 734 208 777 νον
224 711 368 777 ἐλθόντα
386 707 505 776 άδικόν
522 731 578 793 μοι
595 712 755 792 φαίνεται.
770 711 816 775 ἔτι
828 708 863 777 δὲ
875 705 912 777 τό
929 715 990 777 τοῦ
1009 710 1148 795 δηχθέν-
1178 752 1181 759 -

147 832 202 887 τος
221 803 286 873 όπό
304 812 364 873 τοῦ
381 809 479 890 ἔχεως
495 804 605 882 πάθος
622 802 704 890 κάμε
722 811 794 890 ἔχει.
820 807 902 890 φασὶ
917 805 982 891 γάρ
1000 803 1067 874 πού
1076 820 1152 873 τινα

146 910 244 973 τοῦτο
263 902 416 970 παθόντα
433 900 495 970 οόκ
509 904 637 970 ἐθέλειν
654 903 761 987 λέγειν
777 896 850 970 οἷον
865 896 908 989 ἦν
919 902 1007 991 πλὴν
1017 917 1085 984 τοῖς
1095 906 1153 971 (λε’

74 1009 130 1064 218
148 1005 337 1087 δηγμένοις,
364 998 408 1079 39
425 1000 539 1085 μόνοις
555 1005 777 1086 γνωσομένοις
794 1003 899 1069 τεκαὶ
916 998 1155 1089 συγγνωσομέ

147 1124 231 1181 νοις,
250 1105 279 1164 εί
293 1104 361 1163 πάν
378 1096 496 1183 ἐτόλμα
514 1103 599 1189 δρᾷν
615 1100 720 1166 τεκαὶ
736 1096 880 1184 λέγειν
861 1096 926 1167 υπδ
943 1107 1002 1187 τῆς
1019 1099 1155 1187 όδ-όνης·

146 1197 210 1281 ἐγώ
223 1188 286 1263 οόν
298 1197 496 1281 δεδηγμένος
512 1223 547 1263 τε
563 1194 628 1264 ὑπὸ
640 1194 872 1315 άλχεινοτέρον
882 1199 983 1266 καὶ
948 1225 985 1267 το
997 1196 1154 1317 άλγεινό-

145 1319 245 1362 τατον
261 1283 309 1358 ὧν
326 1290 369 1358 άν
387 1317 433 1371 τις
448 1297 637 1411 δηχθείη-
652 1292 715 1381 τὴν
731 1291 910 1380 καρδίαν’“
888 1322 908 1382 η
927 1292 1038 1416 33333
1054 1285 1154 1384 γὰρῆ

145 1389 166 1458 3
182 1418 213 1458 τι
232 1395 283 1458 δεῖ
297 1388 377 1458 αὐτό
396 1389 558 1476 ὀνομάσαι
574 1398 706 1478 πληγείς
722 1394 827 1461 τεκαὶ
845 1389 1013 1512 δηχθεὶς
992 1391 1059 1461 υπδ
1083 1401 1150 1462 τόν
1181 1332 1198 1559 3

146 1491 183 1556 ἐν
195 1494 377 1578 φιλοσοφία
389 1487 509 1573 λόγων,
522 1493 556 1555 οἳ
565 1493 693 1574 ἔχονται
704 1491 720 1557 ἐ
718 1487 861 1575 χίδνης’
842 1488 1059 1576 αγρισίτερον,
1071 1492 1147 1559 νέου

147 1595 252 1712 ψυχῆς
268 1584 311 1673 μὴ
331 1583 465 1671 άφυοῦς
482 1583 563 1654 όταν
585 1587 767 1674 λάβωνται,
788 1589 844 1654 καὶ
860 1592 994 1654 ποιοῦσι
1012 1591 1099 1678 δρᾷν
1115 1609 1198 1683 τε

146 1687 200 1752 καὶ
218 1680 350 1768 λέγειν’
336 1690 504 1751 οτιοῦν-
461 1682 601 1752 —ual‘
585 1693 730 1770 οροῖναυ
717 1677 925 1772 Φαίδρους,
944 1654 1198 1773 Ἀγάθωνες,

107 1794 127 1844 Β
142 1780 389 1900 Ἐρυξιμάχους,
408 1787 615 1868 Παυσανίας,
631 1781 883 1871 Αριστοδημους
894 1807 929 1850 τε
940 1780 1012 1851 καὶ
1007 1791 1147 1869 Αριστο-
1179 1756 1198 1827 ’Ῑ

146 1879 269 1998 φάνας·
291 1876 455 1964 Σωκράτη
475 1878 566 1947 δὲ’
524 1905 626 1949 αυτον
637 1907 668 1947 τι
662 1885 737 1949 δει
744 1885 851 1966 λέγειν
857 1932 867 1965 ,
888 1878 1146 1959 καίόσοιάλλοι,

145 1977 266 2056 πάντες
281 1972 346 2060 γάρ
364 1976 627 2063 κεκοινωνήκατε
644 1985 703 2064 τῆς
720 1979 910 2063 φιλοσόφου
919 1983 1040 2064 μανίας
1049 2002 1085 2045 τε
1095 1978 1149 2047 καί
1139 1846 1198 2177 3

145 2069 323 2160 βακχείας(
335 2071 386 2140 διδ
403 2075 523 2153 πάντες
533 2073 736 2143 άκοόσεσθε·
758 2076 995 2163 συγγνοίσεσθε
1006 2074 1072 2164 γάρ
1082 2089 1149 2158 τοῖς

144 2195 179 2237 τε
191 2170 264 2237 τότε
276 2179 451 2255 πραχθεῖσι
465 2173 598 2249 καὶτοῖς
610 2179 675 2239 νῦν
692 2178 894 2260 λεγομένοις·
919 2177 953 2242 ολ
963 2174 998 2243 δὲ
1015 2177 1148 2264 οίκίται,
1192 2232 1198 2247 ,-

145 2269 199 2336 καὶ
211 2275 243 2336 εί
250 2293 299 2346 τις
309 2265 408 2347 ἄλλος
419 2270 486 2337 ἐστὶ
496 2269 637 2358 βέβηλός
647 2297 681 2339 τε
692 2273 746 2339 καὶ
757 2270 922 2357 άγροικος,
936 2271 1045 2352 πάλας
1057 2271 1149 2342 πάνυ
1191 2266 1198 2353 ,’

143 2365 287 2454 μεγάλας
297 2380 365 2446 τοῖς
377 2363 459 2436 ὠσὶν
468 2371 636 2437 ἐπίθεσθε.

226 2470 365 2534 XXXIV.
403 2463 529 2552 Ἐπειδὴ
551 2463 615 2551 γάρ
633 2458 712 2552 οὖν,
735 2458 764 2533 3
784 2465 919 2552 άνδρες,
941 2464 1009 2536 ὅτε
1027 2467 1149 2554 λύχνος

106 2579 125 2631 c
145 2557 324 2645 ἀπεσβήκει
336 2562 436 2628 καλο
422 2564 557 2640 παῖδες
567 2565 627 2643 ἔξω
637 2554 739 2649 ἦσαν,
751 2564 843 2644 ἔδοξέ
850 2589 906 2650 μοι
915 2569 1034 2652 χρῆναι
1044 2563 1149 2650 μηδὲ

143 2661 325 2723 ποικίλλειν
336 2654 543 2775 πρδςαότόν,
562 2656 636 2727 ἀλλ’
654 2663 839 2748 ἐλευθέρως
856 2658 993 2730 είπεῖν”
970 2687 991 2727 α
1003 2685 1061 2746 μοι
1071 2658 1149 2730 ἐδο-

143 2778 209 2822 κει·
222 2755 276 2819 καί
288 2751 383 2820 είπον
394 2753 661 2844 κινήσαςαότόν,
674 2757 866 2846 Σώκρατες,
877 2756 1072 2841 καθεύδειςς
1096 2756 1149 2828 03

143 2857 242 2940 δῆτα,
264 2879 284 2936 η
274 2845 374 2919 δ
353 2877 399 2932 ος.
447 2846 610 2921 Οίσθα
567 2879 631 2922 ουν
647 2854 669 2922 3
679 2880 736 2942 μοι
748 2859 914 2941 δέδοκταις
938 2864 981 2926 Τι
987 2857 1147 2945 μαλιστα

141 2958 213 3041 ἔφη
258 2950 311 3020 Σύ
335 2951 406 3036 ἐμοὶ
430 2954 551 3035 δοκεῖς,
573 2943 671 3039 333'
688 2953 771 3075 373,
794 2956 877 3042 ἐμοῦ
897 2954 1036 3043 ἐραστὴς
1057 2953 1148 3037 ἄξιος

140 3051 311 3135 γεγονέναι
327 3046 447 3135 μόνος,
470 3054 528 3117 καί
537 3073 592 3134 μοι
604 3056 715 3174 φαίνει
731 3049 844 3121 ὀκνεῖν
859 3059 1052 3140 μνησθῆναι
1062 3052 1147 3140 πρός

138 3174 192 3234 με·
216 3143 282 3233 ίγοδ
295 3146 330 3216 δε
341 3143 462 3216 οὑτωσὶ
479 3150 556 3233 ἔχω·
578 3147 670 3215 πάνυ
687 3147 831 3237 άνόητον
841 3147 986 3238 ἡγοῦμαι
997 3147 1082 3218 εἶναι
1093 3151 1146 3220 σοὶ

137 3243 181 3330 μὴ
201 3241 243 3311 03
260 3246 315 3313 καὶ
332 3252 431 3313 τοῦτο
446 3249 636 3331 χαρίζεσθαι
653 3249 707 3316 καὶ
724 3257 797 3317 εῖτι
814 3247 896 3318 ἄλλο
913 3243 937 3337 3
953 3254 1012 3334 τῆς
1027 3247 1146 3328 οὐσίας

96 3362 119 3411 Ι)
138 3349 194 3426 τῆς
205 3344 283 3427 ἐμῆς
295 3347 381 3411 δέοιο
392 3338 490 3430 ἢτῶν
501 3350 609 3430 φίλων
619 3351 688 3414 τῶν
698 3346 795 3433 ἐμῶν.
808 3348 879 3434 ἐμοὶ
888 3348 950 3434 μὲν
959 3342 1025 3435 γάρ
1041 3340 1144 3414 οὐδέν
