2408 3780
385 180 738 239 ΠΑΡΜΕΝΙΔΗΣ.
1022 179 1062 241 23

56 366 104 427 γε.
128 335 535 425 Οὐκοῦνείπάςάρνθμός
546 334 660 417 οὐσίας
670 341 811 426 μετέχει,
829 342 930 409 καὶτὸ
941 340 1062 429 μόριον

56 441 200 507 ἕκαστον
210 445 271 505 τοῦ
282 435 430 523 ἀριθμοῦ
440 441 566 523 μετέχοι
577 431 620 504 άν
631 435 748 524 αὐτῆς;
769 443 845 505 Ναί.

141 541 225 607 xiv.
263 532 330 603 Ἐπὶ
341 532 449 602 πάντα
461 531 526 617 άρα
537 533 643 603 πολλά
655 532 767 622 ὅνταὴ
780 533 877 604 οὐσία
890 539 1063 624 νενέμηται
1081 553 1100 603 Β

57 636 113 704 καὶ
123 631 264 712 οὐδενὸς
274 630 450 701 ἀποστατεῖ
458 639 528 699 των
537 629 662 718 ὄντων,
681 631 758 707 οὔτε
770 639 830 700 τοῦ
842 636 1061 720 σμικροτάτου

56 733 135 802 οὐτε
145 740 209 800 τού
220 736 393 819 μεγίστους
410 725 542 817 ἢτοῦτο
553 730 615 815 μὲν
627 732 682 798 καί
693 729 817 817 άλογον
827 732 981 816 ίρέσθαις
992 740 1062 811 πως

55 832 119 919 γάρ
132 825 177 898 άν
186 827 226 917 δη
239 826 337 897 οὐσία
346 854 384 914 γε
395 835 463 896 των
474 825 583 895 ὄντων
593 852 653 894 του
671 825 865 908 άποστατοί;
888 827 1061 916 Οὐδαμῶς.

56 926 402 1015 Κατκκεκερμάτισται
427 923 491 1011 άρα
511 922 555 1004 ὡς
571 921 645 993 οἱάν
661 949 697 992 τε
713 926 914 1012 σμικρότατα
931 930 985 995 καί
1003 931 1062 1014 μέ-

57 1046 152 1114 γιστα
168 1027 223 1094 καὶ
244 1032 416 1110 πανταχῶς
436 1022 534 1110 ὅντα,
555 1024 610 1092 καί
630 1027 820 1110 μεμέρισται
840 1023 976 1093 πάντων
997 1027 1062 1111 μά-

59 1136 169 1208 λιστα,
191 1124 246 1191 καὶ
264 1128 332 1191 ἔστι
348 1125 431 1210 μέρη
443 1120 610 1206 ἀπέραντα
620 1129 678 1210 τῆς
689 1118 813 1202 οὐσίας.
837 1123 925 1210 Ἔχει
946 1123 1060 1205 οὕτως.
1081 1142 1099 1192 c

56 1231 200 1293 Πλείστοι
217 1221 283 1307 άρα
302 1223 369 1289 ε’στί
391 1217 533 1306 τὰμέρη
556 1218 666 1306 αὐτῆς.
699 1227 841 1289 Πλείστα
863 1226 985 1309 μέντοι.
1023 1231 1063 1291 Τί

59 1314 138 1403 οὐνς
163 1325 231 1388 ἔστι
241 1346 272 1387 τι
283 1316 411 1401 αὐτοῖν,
433 1314 453 1385 ὃ
469 1322 537 1385 ἔστι
552 1317 614 1404 μὲν
624 1322 722 1405 μέρος
732 1326 790 1406 τῆς
802 1316 933 1404 οὐσίας,
960 1318 1060 1389 οὐδὲν

57 1424 170 1508 μέντοι
180 1421 295 1506 μέροςς
314 1418 380 1485 Καὶ
391 1423 460 1494 παῖς
477 1410 520 1484 άν
536 1423 670 1485 τοιοῦτο
686 1419 831 1502 γένοιτος
861 1414 945 1485 Ἀλλ’
959 1426 992 1486 εί
998 1422 1060 1503 πέρ

12 1518 15 1525 ’
56 1544 108 1603 γε,
126 1517 234 1604 οἶμαι,
253 1521 357 1600 ἔστιν,
375 1511 503 1600 ἀνάγκη
515 1512 596 1583 αὐτὰ
609 1514 674 1598 άεί,
693 1517 821 1601 ἕωσπερ
833 1509 922 1605 άνῇ,
935 1517 1023 1602 ἔνγέ
1031 1544 1062 1585 τι

57 1615 157 1702 εἶναι,
180 1616 284 1702 μηδὲν
301 1613 336 1681 δὲ
353 1609 530 1680 άδύνατον.
565 1610 717 1699 Ἀνάγκη.
750 1611 841 1698 Πρὸς
860 1611 980 1681 ἅπαντι
996 1614 1061 1699 άρα

58 1714 182 1802 ἑκάστην
198 1718 245 1802 τῷ
262 1718 320 1796 τῆς
334 1707 449 1789 οὐσίας
459 1714 549 1795 μέρει
561 1709 714 1795 πρόσεστι
725 1707 762 1778 τὸ
780 1711 834 1792 ἔν,
853 1707 915 1778 οὐκ
927 1707 1059 1777 ἀπολει-

58 1810 206 1898 πόμενον
218 1802 295 1877 οὐτε
305 1811 523 1895 σμικροτέρου
534 1806 611 1876 οὐτε
621 1813 768 1895 μείζονος
778 1809 900 1894 μέρους
911 1806 989 1876 οὐτε
1000 1806 1062 1876 άλ-

57 1907 277 1987 λουούὐενάς.
309 1905 433 1985 Οὕτως.
460 1899 539 1991 ςΑροι
550 1898 614 1975 οὐν
624 1909 661 1974 ἓν
671 1901 712 1974 ὂν
723 1913 890 1992 πολλαχοῦ
900 1904 968 1993 άμα
979 1905 1100 1978 ὅλονυ

59 2010 127 2076 ἐστί
130 2035 140 2087 ς
162 2014 263 2075 τοῦτο
279 2005 388 2088 άθρει.
427 2003 517 2072 Ἀλλ’
534 2002 649 2092 άθρω,
671 2007 726 2073 καὶ
737 2002 806 2089 ὁρῶ
818 2003 868 2072 ὅτι
880 2003 1057 2073 άδύνατον.

57 2105 315 2191 Μεμερισμένου
326 2099 402 2190 άρα,
415 2111 507 2187 είπερ
517 2101 562 2189 μη
574 2100 669 2171 ὅλον·
684 2101 792 2182 άλλως
802 2103 867 2189 γάρ
879 2128 946 2172 που
956 2102 1060 2171 οὐδα-

56 2210 124 2289 μῶς
141 2199 211 2288 ἅμα
230 2200 334 2269 άπασι
349 2215 417 2280 τοϊς
433 2209 489 2288 της
508 2199 622 2280 οὐσίας
637 2203 749 2288 μέρεσι
766 2204 939 2289 παρέσται,
961 2198 984 2291 ἦ
1000 2228 1060 2289 με-

56 2301 263 2387 μερισμένον.
286 2305 363 2367 Ναί.
390 2302 455 2368 Καὶ
467 2298 535 2387 μὴν
545 2301 584 2367 τό
596 2325 634 2384 γε
645 2299 800 2385 μεριστὸν
812 2299 916 2388 πολλὴ
929 2298 1057 2386 ἀνάγκη

56 2397 139 2467 εἶναι
159 2405 306 2467 τοσαῦτα
323 2396 449 2484 ὅσαπερ
467 2402 558 2485 μέρη.
590 2397 740 2483 Ἀνάγκη.
773 2395 846 2467 Οὐκ
868 2396 922 2483 ἄρ’
948 2396 1060 2484 ἀληθῆ

56 2495 129 2583 άρτι
140 2498 306 2584 ἐλέγομεν,
320 2502 470 2581 λέγοντες
482 2494 526 2574 ὡς
537 2504 672 2565 πλείστα
684 2493 797 2583 μέρηὴ
811 2493 908 2564 οὐσία
919 2522 1060 2582 νενεμη-

56 2598 136 2681 μένη
154 2603 214 2680 εἴη.
237 2591 316 2663 οὐδὲ
332 2592 396 2681 γάρ
409 2602 510 2663 πλείω
524 2601 588 2662 τοῦ
598 2590 673 2672 ἔνός
682 2596 874 2680 νενέμηται,
896 2591 969 2663 ἀλλ’
992 2603 1057 2678 ίσα,
1076 2611 1098 2661 Ε

10 2690 12 2697 ’
58 2688 101 2770 άς
122 2697 211 2760 ἔοικε
218 2742 227 2774 ,
249 2699 295 2782 τῷ
317 2693 381 2760 ἑνί·
403 2690 480 2760 οὐτε
498 2691 562 2779 γάρ
578 2689 616 2760 τὸ
635 2686 677 2759 ὐν
693 2699 755 2760 τοῦ
766 2688 1060 2771 ένόςάπολείπεται

56 2789 131 2858 οὐτε
142 2787 181 2857 τὸ
197 2791 236 2857 ἓν
245 2797 306 2857 τοῦ
317 2787 428 2872 ὄντος,
450 2788 525 2859 ἀλλ’
543 2793 742 2871 ἐξισοῦσθον
752 2786 806 2857 δύ’
819 2787 896 2858 ὄντε
908 2788 958 2858 άεὶ
970 2789 1059 2877 παρά

55 2888 171 2957 πάντα.
205 2887 424 2957 Παντάπασιν
435 2888 523 2957 οὕτω
535 2895 696 2976 φαίνεται.
731 2884 777 2956 Τά
790 2886 891 2974 ἓνάρ
911 2884 990 2957 αὐτὰ
1003 2915 1060 2957 κε-

56 2987 317 3072 κερματισμένον
338 2983 405 3054 ὑπὸ
427 2994 485 3074 τῆς
506 2984 620 3067 οὐσίας
637 2987 743 3055 πολλά
762 2988 867 3055 τεκαὶ
885 2986 1003 3072 άπειρα
1020 2986 1057 3053 τὸ

55 3080 184 3170 πλῆθός
205 3084 303 3151 ἐστιν.
335 3089 501 3154 Φαίνεται.
535 3083 587 3154 Οὐ
605 3085 713 3172 μόνον
728 3083 840 3172 άρατό
853 3079 1060 3153 ὂνένπολλά

54 3182 154 3264 ἐστιν,
167 3175 252 3248 άλίά
264 3182 320 3249 καὶ
330 3179 412 3249 αὐτὸ
424 3180 461 3250 τύ
474 3184 512 3250 έν
522 3179 589 3250 ὐπὸ
600 3192 662 3250 τοῦ
673 3181 770 3261 ὄντος
780 3183 1059 3268 διανενεμημένον

55 3274 160 3346 πολλὰ
173 3275 302 3365 άνάγκη
315 3277 408 3348 εἶναι.
427 3281 626 3350 Παντάπασι
636 3284 697 3368 μὲν
708 3274 782 3348 οὐν.

137 3381 206 3444 XV.
251 3378 317 3444 Καὶ
333 3376 398 3465 μὴν
415 3376 467 3446 ὅτι
481 3405 518 3465 γε
536 3378 619 3448 ὅλον
639 3379 678 3447 τά
697 3378 797 3467 μόρια
818 3379 937 3468 μόρια,
958 3404 1064 3448 πεπε-
