2408 3780
37 226 106 297 ,ιιι
243 205 246 211 ’
442 218 670 276 οΑιΛΡοΣ.
999 217 1063 282 257
1180 214 1183 221 ·

139 386 230 447 ΦΑΙ.
263 385 341 456 Παῖς
351 386 449 445 τοῦτο
461 383 580 463 λέγειςς

140 481 214 544 Σίλ.
246 473 280 544 Ὁ
302 474 403 554 αὐτός
425 501 492 544 που
512 472 634 562 τρόπος
654 478 767 561 τέχνης
788 481 946 563 ἰατρικῆς,
959 476 1062 567 ὅσπερ
1080 490 1101 540 Β

54 580 108 643 καὶ
120 581 302 663 ῥητορικῆς.

141 683 232 743 ΦΑΙ.
265 671 413 758 Παςοιμ

140 779 215 840 Σίδ.
244 769 298 840 Ἐν
310 771 511 858 άμφοτέραις
522 774 574 838 δεῖ
582 770 750 837 διελέσθαι
768 770 889 858 φύσιν,
912 770 1064 856 σώματος

55 873 118 957 μὲν
128 873 166 939 ἐν
176 878 217 958 τῆ
228 871 338 957 ἑτέρᾳ,
352 875 457 955 ψυχῆς
469 867 504 935 δὲ
516 870 553 935 ἐν
562 875 604 956 τῆ
615 870 718 958 ἑτέρη,
732 872 763 934 εί
770 871 897 954 μέλλεις
907 867 951 956 μῆ
965 877 1062 957 τριβῆ
1157 872 1161 877 ’

55 970 162 1056 μόνον
184 970 239 1036 καὶ
261 971 428 1056 ἐμπειρίᾳ,
451 963 536 1034 άλλά
556 968 669 1054 τέχνη,
692 966 739 1056 τῷ
752 965 813 1050 μὲν
830 967 988 1053 φάρμακα
1006 970 1062 1036 καὶ

54 1067 187 1153 τροφὴν
204 1067 404 1149 προσφέρων
421 1059 549 1148 ὑγίειαν
559 1068 614 1133 καὶ
624 1064 739 1151 ῆάμην
749 1066 957 1153 ἐμποιῆσειν,
974 1074 1016 1154 τῆ
1027 1070 1062 1135 δὲ

54 1167 177 1249 λόγους
194 1189 229 1231 τε
248 1165 303 1233 καὶ
319 1163 541 1250 ἐπιτηδεύσεις
558 1169 719 1251 νομίμους
729 1163 837 1232 πειθώ
848 1163 891 1252 ῆν
902 1161 945 1233 άν
954 1166 1062 1255 βοάλη

54 1267 110 1333 καὶ
123 1261 246 1348 άρετῆν
256 1261 476 1346 παραδώσειν.
555 1271 559 1280 ’

141 1367 231 1429 ΦΑΙ.
268 1357 313 1427 T&
325 1361 411 1445 γοῦν
423 1358 527 1446 είκός,
541 1351 773 1445 άΣάκρατες,
786 1359 902 1440 οὕτως.

140 1468 215 1529 Σίλ.
249 1467 363 1546 Ψυχῆς
375 1451 439 1526 οὖν
450 1458 555 1544 φύσιν
565 1456 661 1539 άξίως
672 1457 776 1544 λόγον
786 1466 988 1546 κατανοῆσαι
1000 1471 1061 1530 οίει
1079 1476 1099 1528 c

56 1559 202 1628 δυνατὸν
214 1557 296 1625 εἶναι
307 1556 390 1625 άνευ
403 1565 460 1643 τῆς
469 1565 531 1624 τοῦ
541 1555 623 1625 ὅλον
634 1556 782 1642 φάσεως;

141 1664 231 1726 ΦΑΙ.
265 1661 309 1724 Ec
323 1656 384 1742 μὲν
401 1653 605 1742 Ἱπποκράτει
620 1681 659 1742 με
674 1662 722 1746 τῷ
732 1663 801 1724 τῶν
815 1652 1061 1742 Ἀσκληπιαδῶν

57 1763 110 1825 δεῖ
122 1784 154 1825 τι
172 1757 348 1838 παδέσδαι,
371 1752 449 1822 οὐδὲ
467 1755 542 1836 περὶ
560 1754 711 1840 σάματος
727 1754 810 1823 άνεν
831 1762 890 1841 τῆς
910 1757 1061 1842 μεθόδου

56 1856 184 1942 ταύτης.

139 1960 215 2023 Σίδ.
250 1958 370 2030 Καλῶς
380 1951 461 2037 γάρ,
480 1941 641 2036 ω’ἑταῖρε,
658 1958 762 2037 λέγει·
781 1951 842 2039 χρῆ
855 1960 967 2039 μέντοι
978 1953 1061 2036 πρὸς

55 2063 102 2144 τῷ
124 2050 329 2135 Ἱπποκράτει
348 2048 409 2119 τὸν
428 2048 530 2136 λόγον
551 2053 738 2131 ἐξετάζοντα
759 2067 912 2139 σκοπεῖν,
931 2059 962 2122 εί
976 2075 1062 2140 συμ-

56 2167 171 2237 φωνεῖ.

141 2259 231 2320 ΦΑΙ.
263 2254 360 2336 Φημί.

142 2357 207 2418 LV.
249 2356 324 2417 Σίλ.
359 2347 402 2415 Τὸ
420 2354 537 2416 τοίνυν
552 2350 774 2435 περὶφύσεως
796 2352 912 2418 σκόπει
932 2357 966 2418 τί
983 2375 1062 2418 ποτε

58 2446 364 2543 λέγειἹπποκράτης
378 2473 412 2515 τε
424 2444 507 2515 καὶὸ
526 2445 655 2533 άληθῆς
666 2448 772 2534 λόγος.
796 2440 853 2537 ἆρ’
865 2449 925 2536 οὐχ
937 2441 1002 2518 οἶδε
1013 2454 1065 2518 δεῖ

56 2555 263 2617 διανοεῖσθαι
273 2549 348 2634 περὶ
359 2544 503 2615 ὁτουοῦν
514 2545 660 2631 φάσεως
685 2555 819 2633 πρῶτον
829 2554 905 2636 μέν,
929 2547 1098 2618 άπλοῦνῖ)

56 2643 78 2734 ῆ
88 2649 258 2725 πολυειδές
276 2649 378 2729 ἐστιν,
402 2637 446 2714 οὗ
463 2648 538 2729 πέρι
549 2646 785 2733 βονλησόμεδα
797 2645 882 2716 εἶναι
897 2646 992 2722 αὐτοὶ
1007 2675 1062 2717 τε-

55 2748 161 2832 χνικοὶ
172 2748 227 2814 καὶ
238 2743 341 2813 άλλον
352 2745 487 2813 δυνατοὶ
498 2758 615 2830 ποιεῖν,
623 2749 737 2812 ’ἔπειτα
747 2749 793 2829 δέ,
805 2740 849 2813 άν
859 2751 920 2833 μὲν
931 2745 1061 2817 ἁπλοῦν

55 2839 89 2935 ῆ,
103 2859 239 2913 σκοπεῖν
249 2843 311 2930 τῆν
322 2843 467 2929 δύναμιν
479 2840 600 2928 αὐτοῦ,
621 2849 696 2911 τίνα
713 2841 797 2928 πρὸς
813 2851 848 2914 τί
854 2849 1005 2931 πέφυκεν
1015 2853 1061 2927 είς

55 2943 93 3013 τὸ
112 2949 197 3033 δρῆιν
215 2939 323 3030 ἔχονῆ
339 2949 413 3011 τίνα
431 2947 478 3022 είς
487 2941 524 3011 τὸ
534 2951 657 3010 παθεῖν
667 2938 734 3011 ὑπὸ
745 2953 823 3039 τοῦ,
842 2936 902 3014 δάν
914 2947 950 3015 δὲ
960 2955 1061 3016 πλείω

56 3048 127 3130 είδη
140 3049 212 3131 ἔχη,
235 3050 339 3108 ταῦτα
350 3039 658 3127 άρνδμησαμένονς,
680 3040 762 3126 ὅπερ
779 3042 833 3128 ἐφ’
853 3045 943 3130 ἑνός,
965 3045 1059 3113 τοῦτ’

56 3147 140 3212 ίδεῖν
151 3138 206 3227 ἐφ’
220 3142 378 3227 ἑκάστου,
390 3147 436 3230 τῷ
448 3145 481 3208 τί
490 3153 597 3208 ποιεῖν
610 3137 690 3206 αὐτὸ
704 3145 853 3226 πέφυκεν
863 3139 885 3228 ῆ
895 3151 942 3229 τῷ
955 3152 988 3212 τί
996 3169 1062 3213 πα·
1169 3230 1172 3235 ἢ

57 3238 210 3310 δεῖνὺπὸ
223 3249 301 3321 τοῦς

143 3347 232 3407 ΦΑΙ.
263 3338 481 3423 Κινδυνεύει,
494 3332 521 3408 οἶ
532 3341 716 3427 Σώκρατες.

140 3444 216 3585 ἔίδ.
242 3435 289 3588 ‘IIII
294 3446 380 3524 γοῦν
390 3435 473 3506 άνευ
482 3439 610 3508 τούτων
623 3442 769 3528 μέθοδος
783 3443 891 3507 ἐοίκοι
901 3434 944 3586 δη
956 3439 1080 3513 λιστεδ

160 3549 230 3586 mo
272 3575 279 3589 .
896 3537 924 3587 Χ
