2408 3780
178 196 241 260 134
539 201 643 257 ΠΛΛ
652 198 750 258 ΤΩΝ
759 201 819 258 ΟΣ

262 363 363 426 Hm.
394 353 626 443 Ἀληθέστατα

261 463 336 524 Σίλ.
369 461 449 524 Νῦν
467 453 506 542 δὴ
519 459 769 541 καταπέφευγεν
780 453 890 542 ἡμῐνὴ
903 465 965 524 τοῦ
976 456 1111 543 ἀγαθοῦ
1122 458 1183 526 δῦ

177 580 275 640 ναμις
294 559 339 631 είς
356 549 419 639 τὴν
433 561 495 619 τοῦ
511 560 618 620 καλοῦ
628 553 742 639 φῦσιν.
776 553 946 638 μετριότης
956 552 1020 639 νάρ
1031 557 1085 622 καὶ
1096 576 1184 641 συμ-

177 660 292 740 μετρία
310 651 432 729 κάλλος
449 651 558 737 δήπου
573 655 628 719 καὶ
645 649 745 736 ἀρετὴ
762 660 932 737 πανταχοῦ
948 658 1121 739 ξυμβαίνει
1131 661 1184 740 γί-

177 761 329 837 ννεσθαι,

260 855 363 917 ΠΡΩ.
394 847 494 915 Πάνυ
503 841 647 934 μὲνοῦν.

260 952 334 1014 Σίλ.
365 948 429 1013 Καὶ
440 945 508 1031 μην
518 945 682 1030 ἀλήθειάν
692 971 731 1031 γε
742 951 867 1031 ἔφαμεν
879 943 991 1024 αὐτοῖς
1001 949 1038 1013 ἐν
1049 953 1089 1032 τῇ
1100 944 1184 1029 κρά-

177 1064 227 1109 σει
238 1052 403 1128 μεμίχθαι.

260 1146 363 1207 Hm.
395 1140 497 1207 Πάνυ
507 1165 554 1224 γε.

262 1242 336 1304 ΣΩ.
371 1234 508 1304 Οὐκοῦν
525 1243 556 1303 εί
572 1235 616 1322 μὴ
634 1244 694 1322 μιᾷ
714 1239 889 1323 δυνάμεθα
907 1241 978 1325 ίθέᾳ
994 1238 1032 1305 τό
1050 1235 1181 1321 ἀγαθόν

127 1347 162 1400 65
179 1343 360 1421 θηρεῦσαι,
384 1331 450 1401 σῦν
462 1337 547 1417 τρισὶ
559 1335 732 1420 λαβόντες,
751 1334 863 1402 ιιάλλει
874 1338 927 1401 καὶ
938 1341 1118 1423 ξυμμετρίᾳ
1129 1330 1180 1402 καὶ

177 1433 334 1521 ἀληθείη,
346 1437 493 1517 λέγωμεν
504 1429 548 1510 ἀς
557 1440 654 1500 τοῦτο
666 1427 739 1498 οἷον
750 1435 787 1499 ἓν
799 1428 955 1516 ὀρθότατ’
968 1427 1011 1499 ἀν
1022 1438 1180 1500 αίτιασαίό

177 1527 255 1617 μεθ’
276 1525 320 1596 ἀν
333 1537 401 1596 τῶν
411 1532 449 1596 ἐν
459 1535 500 1616 τῇ
512 1533 679 1614 συμμίξει,
701 1530 756 1596 καί
767 1527 821 1596 ιλιά
831 1535 929 1596 τοῦτο
943 1530 987 1608 ὥς
997 1528 1131 1615 ἀγαθόν
1142 1526 1180 1597 όν

176 1627 335 1712 τοιαύτην
346 1624 645 1711 αῦτηνγεγονέναι.

261 1732 364 1792 ΠΡΩ.
393 1721 573 1807 Ὀρθότατα
583 1716 727 1810 μὲνοῦν.

260 1831 340 1892 XLI.
383 1828 458 1889 Σίλ,
485 1821 568 1907 Ἤδη
580 1827 713 1905 τοίνυν,
733 1813 760 1886 ω’
769 1822 967 1908 Πρώταρχε,
979 1818 1183 1906 ίκανὸςὴμῑν

178 1919 293 2008 γένοιτ’
307 1916 351 1988 ἀν
360 1917 518 1988 ὁστισοῦν
529 1917 642 2007 κριτὴς
651 1915 774 2004 ἡδονῆς
782 1944 817 1985 τε
829 1923 902 2003 πέρι
912 1922 967 1985 καὶ
978 1918 1183 2002 φρονήσεως,

139 2030 160 2080 Β
178 2017 340 2103 ὁπότερον
357 2017 473 2085 αῦτοῑν
490 2024 552 2084 τοῦ
569 2014 706 2098 ἀρίστου
718 2014 973 2102 ξυγγενέστερόν
982 2040 1017 2080 τε
1028 2015 1083 2079 καὶ
1094 2041 1184 2098 τιμι-

179 2115 304 2199 οότερον
315 2120 351 2181 ἐν
362 2114 554 2197 ἀνθρώποις
565 2115 601 2179 τέ
610 2115 678 2179 ἐστι
687 2116 742 2181 καὶ
756 2123 856 2192 θεοῖς.

261 2218 363 2280 nm.
396 2219 510 2296 Δηλον
521 2212 598 2295 μέν,
617 2208 706 2295 ὅμως
717 2211 747 2278 δ’
762 2205 825 2280 οὖν
836 2220 883 2302 τῷ
894 2210 982 2300 λόγῳ
994 2211 1183 2288 ἐπεξελθεῖν

178 2311 318 2398 βέλτιον.

261 2413 336 2476 ΣΩ.
368 2405 460 2475 Καθ’
480 2410 519 2474 ἓν
535 2408 674 2475 ἕκαστον
689 2413 805 2474 τοίνυν
820 2415 889 2473 τῶν
904 2413 1006 2492 τριῶν
1022 2404 1104 2487 πρός
1121 2402 1183 2489 τὴν

177 2506 304 2592 ἡδονὴν
324 2511 379 2573 καλ
400 2505 460 2574 τὸν
481 2513 566 2573 νοῦν
587 2514 762 2592 κρίνωμεν.
788 2510 839 2572 δελ
857 2504 921 2590 γάρ
939 2509 1037 2587 ίθεῑν,
1055 2505 1182 2588 ποτέρῳ

178 2612 306 2688 μᾶλλον
319 2607 472 2688 ξυγγενὲς
482 2604 622 2670 ἕκαστον
633 2602 745 2670 αὐτῶν
757 2601 999 2688 ἀπονεμοῦμεν.

262 2705 364 2767 Hm.
397 2700 551 2777 Κάλλους
566 2702 622 2768 καὶ
639 2699 795 2784 ἀληθείας
812 2703 866 2767 καὶ
883 2700 1092 2785 μετριότητος
1109 2700 1181 2779 πέρι

79 2852 84 2860 .
178 2801 296 2880 λέγεις;

262 2899 338 2961 Σίλ.
370 2899 447 2959 Ναί.
478 2902 612 2975 πρῶτον
628 2899 712 2981 (λέγε
725 2895 883 2981 ἀληθείας
896 2901 1017 2980 λαβοῦ,
1042 2886 1183 2977 όΠρό-

142 3009 162 3061 c
177 3016 289 3077 ταρχε·
305 2992 360 3058 καλ
370 2988 562 3076 λαβόμενος,
574 2995 697 3076 βλέψας
708 2999 753 3072 είς
763 3000 847 3079 τρία,
860 3001 944 3060 νοῦν
956 2995 1010 3060 καὶ
1022 2991 1184 3078 ἀληθειαν

180 3092 235 3159 καὶ
251 3088 397 3177 ἡδονήν,
420 3087 530 3157 πολῦν
546 3094 688 3178 ἐπισχών
704 3094 843 3179 χρόνον,
864 3092 1042 3175 ἀπόκριναι
1060 3099 1183 3182 σαυτῷ,

180 3191 322 3272 πότερον
332 3187 436 3276 ἡδονὴ
449 3187 737 3278 ξυγγενίστερονῆ
748 3198 830 3270 νοῦς
839 3190 989 3279 ἀληθεία.

262 3293 366 3355 nm.
400 3293 443 3354 Τί
456 3288 492 3356 δὲ
508 3287 633 3374 χρόνου
651 3292 715 3368 θείς
738 3289 915 3374 πολῦγάρ,
939 3288 1043 3374 οἶμαι,
1067 3290 1183 3373 διαφέ-

66 3346 284 3552 'flou
319 3382 421 3469 ἡδουὴ
443 3385 588 3471 μὲνγὰρ
610 3384 766 3454 ἁπάντων
786 3385 1057 3472 ἀλαζονίστατον,
1081 3383 1125 3465 ὡς
1147 3386 1182 3452 δὲ
