2408 3780
161 200 225 266 114
523 205 809 264 ΠΛΑΤΩΝΟΣ

247 368 350 430 ΠΡΩ.
383 370 555 450 Πειρῶμαι
571 366 648 450 μέν,
673 356 700 430 ά
721 364 912 449 Σώκρατες·
935 366 1109 454 πειράθητι

163 465 216 531 καὶ
229 461 272 530 σύ
286 464 490 547 σαφέστερον
502 466 547 529 ἔτι
558 465 675 548 λέγειν.

247 566 312 628 ΣΩ
355 562 449 645 Λέγω
468 560 508 646 δη
529 563 583 628 καὶ
601 569 670 629 των
685 568 811 645 φωυοόυ
828 561 887 643 τάς
904 571 992 644 λείας
1009 567 1062 632 καὶ
1084 574 1110 633 λι

163 659 263 746 πράς,
275 657 334 737 τάς
346 660 424 727 ἕντι
435 659 589 748 καθαρὸν
600 665 700 737 ἱείσας
711 662 823 745 μέλος,
836 659 878 728 ού
889 654 972 748 πρὸς
983 664 1096 745 ἕτερον
1108 695 1110 731 :

166 757 224 838 λάς
241 755 316 825 ἀλλ’
328 754 430 835 αύτάς
442 755 523 824 καθ’
535 755 638 836 αὑτάς
650 754 749 843 εἶναι,
771 761 826 825 κατ’
835 759 965 828 τούτων
976 763 1110 847 ξυμφύτ

161 855 467 944 ἡθονάςὲπομένας.

244 962 347 1024 Hm.
373 953 535 1041 Ἔστιμάρ
547 947 609 1023 οὖν
620 957 675 1022 καὶ
686 962 793 1022 τοῦτο.

124 1080 143 1129 ε
246 1060 320 1123 ΣΩ.
358 1053 403 1121 Τὸ
423 1053 458 1122 δὲ
477 1056 550 1138 περὶ
567 1052 625 1133 τάς
636 1051 740 1140 ὀσμάς
750 1045 851 1140 ἦττον
860 1055 922 1142 μὲν
931 1057 1059 1124 τούτων
1070 1069 1110 1126 θε

160 1159 257 1240 γένος
272 1149 419 1239 ἡδονῶν·
443 1149 479 1220 τό
493 1155 528 1220 δὲ
539 1150 582 1239 μη
598 1162 822 1240 συμμεμῖχθαι
833 1155 870 1221 ἐν
882 1152 995 1234 αὐτοῖς
1006 1156 1110 1240 άναγιι

160 1277 219 1331 ους
236 1250 357 1335 λύπας,
380 1253 435 1318 καὶ
451 1250 517 1338 ὅπη
534 1258 631 1318 τοῦτο
650 1254 704 1318 καὶ
722 1256 759 1320 ὲν
776 1249 841 1339 ὅτῳ
857 1252 1011 1336 τυγχάνει
1028 1279 1106 1338 χεχο

160 1348 256 1436 ἡμῖν,
280 1347 370 1417 τοῦτ’
385 1351 523 1429 ἐκείνοις
533 1359 648 1435 τίθημι
660 1347 884 1435 άντίστροφον
895 1349 992 1418 ἅπαν.
1027 1350 1110 1437 ἀλλ’,

162 1463 348 1533 κατανοεῖς,
361 1457 465 1516 ταῦτα
477 1454 547 1537 είόη
559 1449 620 1516 δύο
632 1451 821 1534 λεγομένων
830 1445 970 1534 ἡδονῶν.

242 1553 344 1615 Hm.
377 1555 549 1616 Κατανοῶ.

107 1667 143 1719 52
243 1653 318 1714 ΣΩ.
345 1645 413 1714 Ἔτι
431 1644 470 1732 θη
488 1653 605 1714 τοίνυν
615 1645 745 1724 τούτοις
755 1653 958 1731 προσθῶμεν
969 1644 1027 1723 τάς
1039 1650 1110 1728 περὶ

159 1744 338 1831 μαθήματα
349 1741 487 1831 ἡδονάς,
500 1750 530 1812 εί
539 1742 604 1831 άρα
616 1747 775 1812 δοκοῦσιν
785 1741 865 1832 ἡμῖν
876 1735 972 1811 αὗται
983 1750 1110 1830 πείναςχ

158 1841 201 1929 μὴ
221 1849 307 1928 ἔχειν
323 1850 383 1909 τοῦ
400 1842 589 1929 μανθάνειν
599 1844 680 1930 μηδὲ
693 1842 747 1912 διά
758 1843 964 1929 μαθημάτων
976 1848 1092 1927 πείνην
1104 1872 1110 1907 ι

160 1941 304 2027 μηὸόνας
315 1943 347 2021 ἐξ
358 1937 459 2027 ἀρχῆς
469 1945 658 2028 γενομένας.

240 2044 343 2106 ΠΡΩ.
377 2034 464 2106 Ἀλλ’
477 2038 564 2106 οὕτω
577 2043 735 2120 ξυνδοκεῖ.

242 2144 317 2205 Σίλ.
353 2143 393 2204 Τί
409 2139 460 2216 δε’;
480 2140 689 2224 μαθημάτων
705 2144 931 2222 πληρωθεῖσιυ
950 2138 1008 2208 ἐάν
1020 2137 1110 2221 ύστει

158 2233 319 2322 ἀποβολαὶ
332 2235 386 2303 διά
398 2244 456 2322 τῆς
466 2236 572 2324 λήθης
583 2244 777 2323 γίγνωνται,
790 2244 938 2326 καθορᾷς
949 2234 1040 2315 τινάς
1052 2241 1089 2305 ἐν
1101 2265 1110 2303 ι

157 2347 227 2413 ταῖς
238 2331 441 2420 άλχηύόναςς

242 2440 345 2502 Hm.
381 2433 434 2500 Ού
451 2460 481 2499 τι
498 2433 600 2519 φύσει
616 2458 670 2520 με,
692 2430 765 2501 ἄλλ’
787 2439 823 2501 ἔν
841 2453 905 2500 τισι
925 2442 1110 2519 λογισμοῖςι

119 2551 139 2601 Β
160 2532 371 2619 παθήματος,
384 2530 465 2599 ὅταν
476 2558 523 2610 τις
534 2534 705 2618 στερηθεὶς
716 2541 852 2621 λοπηθῇ
864 2530 917 2600 διά
929 2531 990 2619 την
1001 2540 1110 2619 χρείαν

241 2637 317 2700 m.
350 2633 417 2699 Καὶ
438 2630 521 2716 μήν,
544 2622 572 2697 τά
592 2631 747 2717 μακάριε,
771 2639 836 2700 νῦν
855 2659 893 2717 με
910 2631 1002 2718 ἡμεῖς
1020 2631 1105 2700 αὐτά

156 2739 213 2817 τῆς
231 2729 364 2816 φύσεως
381 2727 487 2815 μόνον
504 2728 682 2816 παθήματα
693 2736 790 2818 χωρίς
803 2739 864 2799 τοῦ
876 2740 1036 2818 λογισμοῦ
1049 2738 1110 2801 διαι

159 2835 326 2914 ραίνομεν.

241 2933 345 2994 ΠΡΩ.
373 2924 499 3014 Ἀληθῆ
515 2934 630 2995 τοίνυν
646 2932 766 3015 λέγεις,
789 2928 840 2997 ὅτι
858 2932 955 3015 χωρὶς
966 2930 1073 3016 λύπης
1083 2926 1110 3014 ἡχ

155 3024 245 3112 λήθη
258 3030 403 3111 γίγνεται
414 3024 566 3095 ἑκάστοτε
578 3029 615 3095 ἐν
624 3043 692 3108 τοῖς
702 3028 905 3115 μαθήμασιν.

241 3131 316 3194 ΣΩ.
357 3125 486 3205 Ταύτας
507 3132 624 3194 τοίνυν
646 3126 704 3206 τάς
725 3134 793 3194 των
815 3126 1021 3213 μαθημάτων
1037 3123 1110 3213 ἡύοτ

236 3249 313 3304 τους
323 3249 357 3292 τε
369 3223 453 3292 εἶναι
463 3225 582 3306 λύπαις
593 3229 710 3312 ῥητέον
721 3227 776 3292 καὶ
788 3222 941 3312 οὐδαμῶς
951 3233 1018 3293 τῶν
1027 3233 1108 3293 πολλ

224 3323 350 3406 ράπων
360 3320 443 3390 άλλά
456 3331 524 3390 τοῖν
538 3324 668 3409 σφόδρα
682 3321 812 3408 ὀλίγων.

223 3425 333 3488 Ilm.
369 3419 529 3515 Πωςχάρ
542 3418 583 3492 ού
595 3423 728 3514 ρητέονς
