2408 3780
65 197 102 252 93
406 196 476 253 AN
485 196 706 255 ΤΕΡΑΣΤΑ
715 197 739 254 Ι.
1010 193 1073 257 363

66 345 136 430 οἷος
147 350 190 437 μή
203 351 499 439 βονλεόειυμηδευλ
509 353 685 439 πράγματι,
695 351 770 441 μηδ’
782 359 827 434 είς
836 352 897 441 τήν
904 352 1075 442 ἀκρίβειαν

68 450 171 536 μηδὲν
194 454 487 538 ιλιατιετιονηκίναι,
518 449 601 520 όίστε
621 451 675 521 όιά
697 453 759 540 τήν
778 461 839 522 τοῦ
861 450 934 531 ἑνός
954 453 1075 521 τούτου

68 549 253 636 ἐπιμέλειαν
265 558 331 617 τοίν
343 548 455 618 ἀλλον
471 547 630 619 ἀπόντων
640 550 896 638 ἀπολελεῖφθαι,
919 551 1031 639 ὥσπερ
1043 557 1076 622 οί
1093 568 1112 619 Β

68 653 267 736 δημιουργοί
269 700 278 734 ,
293 648 376 719 ἀλλά
388 649 525 718 πάντων
537 657 675 737 μετρίως
686 655 847 738 ἐφῆφθαι.

152 756 189 819 V.
234 747 331 817 Μετά
343 749 468 836 ταύτην
485 746 526 835 δὴ
538 749 599 837 τήν
609 749 787 837 ἀπόκρισιν
797 747 860 836 έγά
873 751 1074 838 προθυμού-

66 874 165 935 μενος
193 856 308 935 σαφοῖς
328 851 449 916 εἰδέναι
471 845 492 915 ό
512 874 542 915 τι
563 850 667 935 λέγοι,
695 847 936 935 ἐπυνθανόμην
958 846 1073 936 αὐτοῦ,

68 945 146 1026 τοὺς
157 945 309 1033 ἀγαθοός
320 948 462 1033 πότερον
472 954 652 1035 χρησίμους
662 943 683 1035 ή
695 945 877 1035 ἀχρήστους
891 945 975 1015 εἶναι
988 944 1073 1015 ὑπο-

68 1047 241 1133 λαμβάνοι.
278 1054 469 1134 Χρησίμονς
485 1046 609 1134 δήπου,
632 1039 870 1133 ἀΣοίιιρατες,
893 1050 966 1133 ἔφη.
1001 1039 1071 1133 Ἆρ’

68 1137 141 1228 οὖν,
152 1153 243 1230 είπερ
252 1148 286 1214 οί
296 1143 418 1231 ἀγαθοὶ
427 1144 590 1233 χρήσιμοι,
602 1149 636 1215 οί
642 1148 780 1234 πονηροὶ
791 1144 947 1233 ἄχρηστοι
955 1175 964 1229 ;
972 1143 1073 1234 Ὡμο-

67 1243 167 1330 λόγει.
194 1251 234 1312 Τί
251 1247 302 1325 θές
322 1244 400 1326 τούς
418 1245 626 1332 φιλοσόφους
638 1243 762 1329 ἀνδρας
779 1252 957 1333 χρησίμους
968 1242 1072 1333 ήγεῑή

68 1340 125 1423 οός
145 1339 223 1412 Ὀόὲ
236 1340 396 1432 ὡμολόγει
407 1353 602 1433 χρησίμους,
621 1346 675 1411 καὶ
688 1343 771 1430 πρός
781 1370 818 1430 γε
829 1351 892 1431 ἔφη
904 1365 1071 1432 χρησιμω-
1089 1358 1109 1410 c

66 1440 185 1519 τάτους
198 1438 281 1509 εἶναι
291 1439 454 1528 ἡγεῖσθαι.
485 1446 570 1526 Φέρε
582 1441 621 1530 δή
633 1450 781 1529 γνοῖμεν,
795 1447 825 1511 εί
834 1439 944 1530 ἀληθῆ
957 1446 1070 1529 λέγεις,

67 1547 133 1607 ποῦ
151 1544 205 1608 καί
215 1542 369 1628 χρήσιμοι
380 1540 459 1630 ἡμῖν
469 1544 552 1611 είσίν
563 1545 598 1609 οί
606 1539 750 1624 ἀπακροι
761 1532 872 1625 οὖτοις
894 1543 1071 1629 δηλουγάρ

66 1638 119 1707 ότι
132 1639 272 1707 ἑκάστον
290 1665 327 1725 γε
338 1647 407 1708 τοῖν
417 1639 476 1719 τάς
487 1642 601 1726 τέχνας
613 1639 755 1727 ἐχόντων
766 1640 972 1727 φανλότερός
983 1644 1071 1710 ἐστιν

67 1739 85 1810 ὁ
99 1739 291 1826 φιλόσοφος.
308 1738 492 1829 Ὡμολόγει.
516 1743 601 1824 Φέρε
614 1738 653 1827 δή
666 1740 720 1824 σύ,
731 1732 775 1827 ήν
787 1740 819 1808 δ’
832 1741 906 1828 ἐγώ,
921 1747 951 1809 εί
961 1741 1071 1827 τύχοις

67 1837 200 1925 ήαότός
210 1838 399 1928 ἀσθενήσας
410 1837 431 1929 ή
443 1849 511 1910 τῶν
523 1847 631 1927 φίλων
641 1866 689 1918 τις
700 1848 768 1906 τῶν
779 1847 864 1925 σοῖν,
882 1842 955 1926 περὶ
968 1832 1015 1908 όν
1029 1838 1072 1907 σύ

67 1936 220 2025 σπουδὴν
231 1939 378 2026 μεγάλην
389 1944 485 2026 ἔχεις,
498 1940 640 2023 πότερον
651 1936 767 2024 ὑγείαν
778 1938 981 2027 βουλόμενος
992 1939 1072 2024 κτή-

72 2046 193 2104 σασθαι
210 2035 270 2104 τόν
287 2035 440 2123 ἀπακρον
456 2040 585 2106 ἐκείνου
601 2034 662 2105 τόν
672 2035 861 2122 φιλόσοφον
873 2037 1015 2122 είσάγοις
1029 2033 1072 2103 ἀν

67 2143 114 2216 είς
131 2135 193 2223 τήν
211 2143 320 2205 οίαίαν
343 2133 366 2223 ή
385 2134 445 2205 τόν
461 2133 576 2220 ίατρόυ
594 2136 724 2224 λάβοιςς
742 2135 962 2224 Ἀμφοτέρονς
973 2134 1070 2221 ἔγωγ’
1091 2149 1112 2199 D

66 2233 120 2320 ἀν,
134 2241 207 2320 ἔφη.
241 2235 302 2322 Μή
314 2261 379 2321 μοι,
392 2233 486 2302 είτιου
497 2233 572 2320 ἐγώ,
584 2234 795 2320 ἀμφοτέρους
804 2239 888 2322 λέγε,
901 2233 976 2303 ἀλλ’
988 2233 1072 2304 ὁπό-

66 2359 165 2419 τερον
183 2334 310 2419 μᾶλλόν
327 2360 361 2402 τε
373 2337 426 2403 καὶ
438 2333 611 2419 πρότερον.
657 2330 775 2412 Οὐδείς
787 2333 846 2417 ἀν,
870 2340 950 2420 ἔφη,
972 2334 1071 2401 τοῦτό

66 2459 104 2517 γε
126 2432 421 2520 ἀμφισβητήσειεν,
444 2431 488 2512 ὡς
508 2431 580 2519 οὐχὶ
596 2433 656 2500 τόν
673 2432 788 2516 ἰατρόν
804 2433 858 2500 καί
874 2439 1001 2518 μᾶλλον
1017 2436 1072 2499 καλ

67 2533 238 2615 πρότερον.
284 2539 326 2601 Τί
335 2531 385 2611 ό’;
408 2536 444 2600 έν
459 2535 739 2620 νηλχειμαζομένη
750 2534 877 2622 ποτέρῳ
889 2526 932 2599 ἀν
943 2537 1071 2617 μᾶλλον

66 2635 250 2715 ἐπιτρέποις
260 2632 379 2701 ἑαυτόν
389 2657 424 2700 τε
437 2633 490 2700 καὶ
501 2629 541 2700 τά
553 2637 711 2717 σεαυτοῦ,
732 2639 780 2720 τῷ
790 2631 977 2719 κυβερνήτη
988 2624 1012 2716 ή
1023 2636 1071 2718 τῷ

68 2731 258 2820 φιλοσόφφ;
291 2738 345 2821 Τῷ
366 2731 554 2819 κυβερνήτῃ
576 2734 686 2816 ἔγωγε.
732 2727 869 2797 Οὐκοῦν
891 2731 946 2797 καὶ
967 2721 1070 2797 τάλλα

66 2827 174 2897 πάνθ’
187 2829 301 2914 οὕτως,
314 2831 375 2908 ἕως
387 2828 430 2897 ἀν
440 2853 489 2908 τις
500 2827 701 2917 δημιουργός
710 2820 747 2918 ή,
761 2826 803 2897 οά
812 2828 971 2917 χρήσιμός
981 2830 1070 2896 ἐστιν

65 2925 297 3015 όφιλόσοφος;
321 2934 492 3016 Φαίνεται,
505 2936 578 3017 ἔφη.
622 2928 760 2997 Οὐκοῦν
772 2936 836 2995 νῦν
847 2926 1008 3013 ἄχρηστός
1019 2953 1068 3006 τις
1085 2936 1107 2988 ss

65 3024 145 3111 ἡμῖν
157 3029 244 3095 ἐστίν
261 3025 279 3096 ὁ
295 3028 495 3115 φιλόσοφος;
518 3032 579 3097 εἰσὶ
597 3026 661 3114 γάρ
677 3025 756 3113 ήμῑν
769 3025 824 3093 ἀεί
831 3051 898 3094 που
910 3031 1072 3114 δημιουρ-

65 3131 122 3212 γοί
128 3151 134 3162 ·
147 3121 405 3213 ὡμολογήσαμεν
417 3127 452 3196 δὲ
463 3125 541 3206 τούς
551 3127 614 3214 μὲν
625 3125 777 3213 ἀγαθούς
787 3133 966 3213 χρησίμους
977 3125 1070 3211 εἶναι,

64 3221 144 3302 τοὺς
155 3226 190 3291 δὲ
206 3223 398 3310 μοχθηροὺς
415 3223 607 3311 ἀχρήστους.
647 3222 863 3311 Ἠυαγτιάζετο
884 3223 1068 3312 ὁμολογεῖν.

150 3330 200 3392 VI.
247 3331 289 3392 Τί
297 3317 360 3391 οὖν
371 3323 450 3411 μειά
462 3332 577 3406 τοῦτος
600 3330 727 3411 ἔρωμαί
741 3345 778 3392 σε
794 3321 816 3413 ή
834 3321 1070 3411 ἀγροικότερόν
1134 3326 1146 3395 ,ἶ

65 3424 154 3488 ἐστιν
165 3424 316 3509 έρέσθαις
335 3420 463 3508 Ἐροῦό
477 3450 508 3491 τι
525 3423 648 3512 βούλει.
683 3422 792 3492 Οόόέυ
810 3422 878 3507 <Nx-⁶
894 3428 981 3503 {w
999 3421 1089 3496 ἒῚέδκ

1143 3620 1159 3713 1,
