2408 3780
133 151 196 215 ‘298
492 152 773 211 ΠΛΑΤΩΝΟΣ
1117 158 1151 215 ἥ

218 319 292 381 ΣΩ.
339 309 527 398 Ἀγανακτῦ
553 308 635 396 ὑπέρ
663 336 698 378 τε
723 318 785 378 τοῦ
812 318 875 378 σοῦ
899 313 954 378 καὶ
975 317 1044 378 τοῦ
1066 313 1150 397 ἐμοῦ
1173 290 1178 373 ἶ

132 417 261 500 ἔρωτος.

216 517 286 580 ΑΛ.
322 510 427 596 Τίδής

218 617 292 678 ΣΩ.
326 615 370 677 El
383 606 523 695 ἠξίωσας
539 604 599 675 τὸν
616 604 730 692 ἀγῶνά
742 626 794 676 σοι
807 603 984 692 εἶναιπρὸς
996 609 1131 686 τουςέν

134 709 220 777 θάδε
232 708 443 794 ἀνθρω’πους.

217 812 288 875 ΑΛ.
321 802 417 873 Ἀλλά
429 802 512 891 πρὸς
523 811 613 884 τίνας
623 804 706 891 μήνη

217 912 292 974 ΣΩ.
317 903 427 985 ’Ἀξιον
449 903 547 971 τοῦτό
570 929 608 990 γε
629 905 684 971 καὶ
702 906 838 987 ἐρέσθαι
853 902 960 986 ἄνδρα
982 900 1143 988 οἰόμενον

135 1004 367 1090 μεγαλόφρονα
381 1003 473 1071 εἶναι.

93 1118 116 1168 ω
216 1109 286 1170 ΑΛ.
319 1108 396 1178 Πῦς
409 1103 527 1186 λέγεις;
539 1097 580 1167 οῦ
591 1101 674 1184 πρὸς
684 1100 823 1178 τούτους
834 1124 889 1184 μοι
901 1094 919 1164 ὁ
931 1095 1046 1181 ἀγάνς

218 1205 292 1265 ΣΩ.
324 1196 418 1264 Ἀλλά
430 1194 495 1265 κάν
506 1204 537 1265 εί
545 1198 660 1285 τριήρη
673 1203 805 1266 διενοοῦ
816 1203 984 1284 κυβερνᾷν
996 1199 1141 1281 με’λλου-

135 1317 198 1363 σαν
219 1309 415 1383 ναυμαχεῖν,
437 1293 531 1382 ἤρκει
552 1295 595 1363 ἀν
611 1315 663 1364 σοι
680 1306 748 1365 νῦν
765 1301 963 1364 συνναυτῶν
980 1302 1140 1385 βελτίστῳ
1158 1314 1160 1318 ·

135 1392 218 1462 εἶναι
229 1393 266 1462 τά
280 1396 501 1482 κυβερνητικά
508 1445 518 1481 ,
530 1390 551 1481 ἢ
562 1403 665 1463 ταῦτα
675 1395 736 1482 μὲν
747 1393 817 1486 βίον
831 1390 874 1463 ἀν
885 1398 955 1463 δεῖν
966 1391 1138 1481 ὑπάρχειν,

133 1490 345 1580 ἀπέβλεπεςδ
351 1492 359 1518 ’
376 1491 419 1561 ἀν
430 1498 475 1573 είς
486 1492 563 1573 τοῦς
573 1491 617 1573 ὡς
628 1491 764 1580 άληθῶς
775 1493 1040 1581 ἀνταγωνιστάς,
1064 1489 1137 1562 ἀλλ’

135 1590 196 1676 οὐχ
207 1589 251 1670 ὡς
262 1600 327 1659 νῦν
338 1599 384 1670 είς
392 1591 470 1670 τούς
487 1593 751 1678 συναγωνιστάς;
774 1584 823 1662 ἀν
841 1593 950 1680 δήπου
966 1596 1138 1679 περιγενέ-

134 1699 215 1756 σθαι
232 1709 268 1757 σε
287 1694 338 1757 δεῖ
352 1697 527 1776 τοσοῦτον,
550 1689 634 1758 ω’στε
651 1692 694 1778 μη
713 1691 828 1773 ἀξιοῦν
843 1690 1137 1778 ἀνταγωνιξεσθαι.

95 1787 218 1856 Εάλλά
240 1791 554 1874 καταφρονηθέντας
576 1795 861 1874 συναγωνιῖεσθαί
879 1808 932 1856 σοι
953 1787 1038 1873 πρὸς
1059 1788 1137 1868 τοὺς

133 1893 323 1971 πολεμίους,
347 1892 377 1953 εί
391 1884 430 1972 δὴ
442 1894 488 1977 τῷ
500 1884 570 1953 ὄντι
581 1912 619 1972 γε
634 1887 737 1956 καλόν
748 1912 779 1954 τι
789 1892 887 1972 ἔργον
897 1885 1136 1967 ἀποδείξασθαι

134 1988 261 2052 διανοεῖ
268 1987 322 2053 καί
334 1983 428 2064 ἀξιον
439 1993 565 2052 σαυτοῦ
574 2012 608 2052 τε
619 1987 673 2054 καὶ
683 1994 740 2071 τῆς
751 1985 886 2064 πόλεως.

130 2117 138 2129 ·
215 2090 285 2151 AA.
312 2081 409 2150 Ἀλλά
422 2084 482 2169 μὲν
494 2082 534 2169 δὴ
547 2088 746 2169 διανοοῦμαί
753 2110 800 2169 γε.

110 2190 113 2194 ’
216 2186 291 2247 m.
324 2181 422 2247 Πάνυ
434 2203 485 2249 σοι
496 2181 560 2264 ἀρα
571 2180 664 2263 ἀξιον
676 2180 826 2271 ἀγαπᾷν,
850 2187 881 2249 εί
893 2189 961 2249 νῦν
976 2201 1136 2265 στρατιω-

133 2283 202 2344 τῦν
212 2283 351 2363 βελτίων
363 2277 400 2362 εἶ,
414 2275 485 2347 ἀλλ’
501 2276 542 2347 οῦ
553 2277 636 2364 πρὸς
645 2280 725 2362 τούς
735 2289 803 2349 νῦν
812 2278 1002 2348 ἀντιπάλων
1013 2278 1136 2368 ἡγεμό-

133 2401 192 2454 νας
214 2375 428 2464 ἀποβλέπειν,
450 2375 549 2446 ὁπότε
570 2382 705 2449 ἐκείνων
727 2385 866 2466 βελτίων
886 2385 1032 2465 γέγονας,
1056 2400 1136 2448 σκο·

132 2483 260 2542 ποῦντα
272 2477 327 2543 καὶ
338 2473 505 2543 ἀσκοῦντα
517 2474 601 2560 πρδς
611 2480 766 2555 ἐκείνους.

64 2589 115 2643 ¹20
215 2580 285 2641 AA.
319 2576 434 2660 Λίγεις
446 2575 481 2643 δὲ
492 2582 584 2655 τίνας
594 2574 747 2662 τούτους,
761 2568 992 2664 άΣάκρατες;

215 2677 289 2738 ΣΩ.
325 2669 397 2740 Οὐκ
409 2671 508 2741 οίσθα
525 2671 620 2758 ἡμων
635 2672 697 2759 την
708 2674 806 2744 πόλιν
815 2681 1091 2762 Λακεδαιμονίοις
1100 2703 1135 2745 τε

132 2770 243 2858 καὶτῷ
253 2770 384 2860 μεγάλῳ
396 2779 527 2857 βασιλεῖ
534 2780 747 2858 πολεμοῦσαν
758 2774 927 2856 ἑκάστους

214 2874 286 2935 ΑΛ.
317 2866 443 2955 Ἀληθῆ
453 2873 565 2954 λε’γεις.

215 2974 295 3038 XVI.
337 2973 413 3035 ΣΩ.
447 2964 584 3036 Οὐκοῦν
601 2978 691 3055 είπερ
710 2973 747 3039 ἐν
756 2978 804 3060 νβ
817 2975 898 3057 ἔχεις
908 2968 1041 3058 ἡγεμιδν
1051 2971 1135 3042 εἶναι

130 3070 228 3151 τῆσδε
239 3073 296 3153 της
306 3067 448 3151 πόλεως,
461 3064 544 3151 πρὸς
554 3065 632 3147 τούς
642 3074 915 3156 Λακεδαιμονίων
925 3078 1068 3158 βασιλεῖς
1079 3074 1133 3140 καὶ

128 3161 207 3242 τοῦς
223 3171 364 3249 Περσων
381 3161 441 3232 τὸν
459 3161 572 3250 ἀγῶνα
589 3162 774 3254 ἡγούμενός
791 3189 844 3236 σοι
860 3167 944 3239 εἶναι
961 3167 1074 3254 ὀρθῶς
1090 3168 1134 3238 ἀν

129 3275 238 3346 ινοῐοε

211 3369 282 3430 ΑΛ.
315 3362 533 3442 Κινδυνεῦεις
543 3361 653 3451 ἀληθῆ
666 3367 783 3449 λέγειν.
