<?xml version="1.0" encoding="UTF-8"?>
<!DOCTYPE html PUBLIC "-//W3C//DTD XHTML 1.0 Transitional//EN"
    "http://www.w3.org/TR/xhtml1/DTD/xhtml1-transitional.dtd">
<html xmlns="http://www.w3.org/1999/xhtml" xml:lang="en" lang="en">
 <head>
  <title>
</title>
<meta http-equiv="Content-Type" content="text/html;charset=utf-8" />
  <meta name='ocr-system' content='tesseract 3.04.00' />
  <meta name='ocr-capabilities' content='ocr_page ocr_carea ocr_par ocr_line ocrx_word'/>
</head>
<body>
  <div class='ocr_page' id='page_1' title='image "./dialogisecundum03platgoog_0267.png"; bbox 0 0 2408 3780; ppageno 0'>
   <div class='ocr_carea' id='block_1_1' title="bbox 68 194 1166 257">
    <p class='ocr_par' dir='ltr' id='par_1_1' title="bbox 68 194 1166 257">
     <span class='ocr_line' id='line_1_1' title="bbox 68 194 1166 257; baseline -0.002 0"><span class='ocrx_word' id='word_1_1' title='bbox 68 201 73 211; x_wconf 96' lang='lat'>&#39;</span> <span class='ocrx_word' id='word_1_2' title='bbox 160 194 223 257; x_wconf 74' lang='grc'><strong><em>216</em></strong></span> <span class='ocrx_word' id='word_1_3' title='bbox 520 196 805 255; x_wconf 72' lang='grc' dir='ltr'><em>ΠΛΑΤΩΝΟΣ</em></span> <span class='ocrx_word' id='word_1_4' title='bbox 1132 200 1166 255; x_wconf 80' lang='grc' dir='ltr'><strong><em>’λθ</em></strong></span> 
     </span>
    </p>
   </div>
   <div class='ocr_carea' id='block_1_2' title="bbox 138 340 1168 441">
    <p class='ocr_par' dir='ltr' id='par_1_2' title="bbox 138 340 1168 441">
     <span class='ocr_line' id='line_1_2' title="bbox 138 340 1168 441; baseline -0.005 -17"><span class='ocrx_word' id='word_1_5' title='bbox 138 340 141 347; x_wconf 20' lang='lat'>⁸</span> <span class='ocrx_word' id='word_1_6' title='bbox 160 365 259 425; x_wconf 86' lang='grc' dir='ltr'><strong><em>τοῦτο</em></strong></span> <span class='ocrx_word' id='word_1_7' title='bbox 270 360 473 441; x_wconf 79' lang='grc' dir='ltr'><strong><em>κεκλημένον</em></strong></span> <span class='ocrx_word' id='word_1_8' title='bbox 482 357 667 440; x_wconf 79' lang='grc' dir='ltr'><strong><em>παρέξεται·</em></strong></span> <span class='ocrx_word' id='word_1_9' title='bbox 680 357 753 435; x_wconf 72' lang='grc' dir='ltr'><strong><em>περὶ</em></strong></span> <span class='ocrx_word' id='word_1_10' title='bbox 766 351 797 419; x_wconf 80' lang='grc' dir='ltr'><strong><em>θ’</em></strong></span> <span class='ocrx_word' id='word_1_11' title='bbox 812 347 856 420; x_wconf 78' lang='grc' dir='ltr'><strong><em>αὖ</em></strong></span> <span class='ocrx_word' id='word_1_12' title='bbox 864 356 970 438; x_wconf 93' lang='grc' dir='ltr'><strong><em>μέθας</em></strong></span> <span class='ocrx_word' id='word_1_13' title='bbox 980 351 1168 436; x_wconf 79' lang='grc' dir='ltr'><strong><em>τυραννεό-</em></strong></span> 
     </span>
    </p>
   </div>
   <div class='ocr_carea' id='block_1_3' title="bbox 87 443 1175 3497">
    <p class='ocr_par' dir='ltr' id='par_1_3' title="bbox 160 443 1173 1033">
     <span class='ocr_line' id='line_1_3' title="bbox 161 443 1170 541; baseline -0.005 -19"><span class='ocrx_word' id='word_1_14' title='bbox 161 476 262 541; x_wconf 89' lang='grc' dir='ltr'><strong><em>σασα,</em></strong></span> <span class='ocrx_word' id='word_1_15' title='bbox 285 455 344 522; x_wconf 86' lang='grc' dir='ltr'><strong><em>τὸν</em></strong></span> <span class='ocrx_word' id='word_1_16' title='bbox 355 454 557 538; x_wconf 88' lang='grc' dir='ltr'><strong><em>κεκτημένον</em></strong></span> <span class='ocrx_word' id='word_1_17' title='bbox 566 452 670 538; x_wconf 87' lang='grc' dir='ltr'><strong><em>ταότη</em></strong></span> <span class='ocrx_word' id='word_1_18' title='bbox 682 451 828 536; x_wconf 84' lang='grc' dir='ltr'><strong><em>άγουσα,</em></strong></span> <span class='ocrx_word' id='word_1_19' title='bbox 849 457 951 537; x_wconf 80' lang='grc' dir='ltr'><strong><em>δῆλον</em></strong></span> <span class='ocrx_word' id='word_1_20' title='bbox 968 443 1012 518; x_wconf 79' lang='grc' dir='ltr'><strong><em>οὗ</em></strong></span> <span class='ocrx_word' id='word_1_21' title='bbox 1021 450 1170 530; x_wconf 79' lang='grc' dir='ltr'><strong><em>τεύξεται</em></strong></span> 
     </span>
     <span class='ocr_line' id='line_1_4' title="bbox 161 542 1169 643; baseline -0.007 -21"><span class='ocrx_word' id='word_1_22' title='bbox 161 554 406 639; x_wconf 89' lang='grc' dir='ltr'><strong><em>προσρήματος·</em></strong></span> <span class='ocrx_word' id='word_1_23' title='bbox 431 553 486 643; x_wconf 86' lang='grc' dir='ltr'><strong><em>καλ</em></strong></span> <span class='ocrx_word' id='word_1_24' title='bbox 497 542 600 617; x_wconf 87' lang='grc' dir='ltr'><strong><em>τάλλα</em></strong></span> <span class='ocrx_word' id='word_1_25' title='bbox 619 547 658 634; x_wconf 77' lang='grc' dir='ltr'><strong><em>δή</em></strong></span> <span class='ocrx_word' id='word_1_26' title='bbox 671 548 709 616; x_wconf 85' lang='grc' dir='ltr'><strong><em>τά</em></strong></span> <span class='ocrx_word' id='word_1_27' title='bbox 722 551 851 637; x_wconf 81' lang='grc' dir='ltr'><strong><em>τούτων</em></strong></span> <span class='ocrx_word' id='word_1_28' title='bbox 862 548 990 634; x_wconf 82' lang='grc' dir='ltr'><strong><em>άόελφόι</em></strong></span> <span class='ocrx_word' id='word_1_29' title='bbox 1003 551 1060 615; x_wconf 78' lang='grc' dir='ltr'><strong><em>καὶ</em></strong></span> <span class='ocrx_word' id='word_1_30' title='bbox 1071 545 1169 616; x_wconf 78' lang='grc' dir='ltr'><strong><em>άόελ-</em></strong></span> 
     </span>
     <span class='ocr_line' id='line_1_5' title="bbox 161 641 1170 740; baseline -0.009 -19"><span class='ocrx_word' id='word_1_31' title='bbox 161 661 236 740; x_wconf 78' lang='grc' dir='ltr'><strong><em>φάν</em></strong></span> <span class='ocrx_word' id='word_1_32' title='bbox 253 657 441 737; x_wconf 79' lang='grc' dir='ltr'><strong><em>ἐπιθυμιῶν</em></strong></span> <span class='ocrx_word' id='word_1_33' title='bbox 458 646 606 734; x_wconf 86' lang='grc' dir='ltr'><strong><em>ὀνόματα</em></strong></span> <span class='ocrx_word' id='word_1_34' title='bbox 617 654 676 733; x_wconf 83' lang='grc' dir='ltr'><strong><em>τῆς</em></strong></span> <span class='ocrx_word' id='word_1_35' title='bbox 688 646 739 716; x_wconf 80' lang='grc' dir='ltr'><strong><em>αἐὶ</em></strong></span> <span class='ocrx_word' id='word_1_36' title='bbox 750 647 1018 733; x_wconf 80' lang='grc' dir='ltr'><strong><em>δυναστευοόσης</em></strong></span> <span class='ocrx_word' id='word_1_37' title='bbox 1029 641 1052 734; x_wconf 74' lang='grc' dir='ltr'><em>ᾗ</em></span> <span class='ocrx_word' id='word_1_38' title='bbox 1064 666 1170 730; x_wconf 88' lang='grc' dir='ltr'><strong><em>προσ-</em></strong></span> 
     </span>
     <span class='ocr_line' id='line_1_6' title="bbox 160 737 1172 838; baseline -0.008 -18"><span class='ocrx_word' id='word_1_39' title='bbox 160 753 233 838; x_wconf 87' lang='grc' dir='ltr'><strong><em>ήκει</em></strong></span> <span class='ocrx_word' id='word_1_40' title='bbox 250 760 424 820; x_wconf 82' lang='grc' dir='ltr'><strong><em>καλεῖσθαι</em></strong></span> <span class='ocrx_word' id='word_1_41' title='bbox 441 748 621 833; x_wconf 76' lang='grc' dir='ltr'><strong><em>πρόδηλον.</em></strong></span> <span class='ocrx_word' id='word_1_42' title='bbox 642 737 682 833; x_wconf 78' lang='grc' dir='ltr'><strong><em>ἧς</em></strong></span> <span class='ocrx_word' id='word_1_43' title='bbox 693 746 725 814; x_wconf 79' lang='grc' dir='ltr'><strong><em>θ’</em></strong></span> <span class='ocrx_word' id='word_1_44' title='bbox 739 750 835 815; x_wconf 79' lang='grc' dir='ltr'><strong><em>ἕνεκα</em></strong></span> <span class='ocrx_word' id='word_1_45' title='bbox 847 747 955 814; x_wconf 92' lang='grc' dir='ltr'><strong><em>πάντα</em></strong></span> <span class='ocrx_word' id='word_1_46' title='bbox 964 744 1005 812; x_wconf 83' lang='grc' dir='ltr'><strong><em>τά</em></strong></span> <span class='ocrx_word' id='word_1_47' title='bbox 1017 745 1172 830; x_wconf 75' lang='grc' dir='ltr'><strong><em>πρόσθεν</em></strong></span> 
     </span>
     <span class='ocr_line' id='line_1_7' title="bbox 163 840 1173 937; baseline -0.006 -19"><span class='ocrx_word' id='word_1_48' title='bbox 163 860 303 937; x_wconf 88' lang='grc' dir='ltr'><strong><em>είρηται,</em></strong></span> <span class='ocrx_word' id='word_1_49' title='bbox 321 850 439 936; x_wconf 75' lang='grc' dir='ltr'><strong><em>σχεδόν</em></strong></span> <span class='ocrx_word' id='word_1_50' title='bbox 450 847 511 934; x_wconf 74' lang='grc' dir='ltr'><strong><em>μὲν</em></strong></span> <span class='ocrx_word' id='word_1_51' title='bbox 524 845 588 933; x_wconf 78' lang='grc' dir='ltr'><strong><em>ήδη</em></strong></span> <span class='ocrx_word' id='word_1_52' title='bbox 600 858 766 932; x_wconf 84' lang='grc' dir='ltr'><strong><em>φανερόν,</em></strong></span> <span class='ocrx_word' id='word_1_53' title='bbox 783 845 903 930; x_wconf 69' lang='grc' dir='ltr'><strong><em>λεχθὲν</em></strong></span> <span class='ocrx_word' id='word_1_54' title='bbox 914 847 949 912; x_wconf 77' lang='grc' dir='ltr'><strong><em>δὲ</em></strong></span> <span class='ocrx_word' id='word_1_55' title='bbox 959 840 982 930; x_wconf 89' lang='grc' dir='ltr'><strong><em>ή</em></strong></span> <span class='ocrx_word' id='word_1_56' title='bbox 993 844 1038 930; x_wconf 85' lang='grc' dir='ltr'><strong><em>μή</em></strong></span> <span class='ocrx_word' id='word_1_57' title='bbox 1050 844 1173 930; x_wconf 72' lang='grc' dir='ltr'><strong><em>λεχθὲν</em></strong></span> 
     </span>
     <span class='ocr_line' id='line_1_8' title="bbox 162 941 1173 1033; baseline -0.004 -18"><span class='ocrx_word' id='word_1_58' title='bbox 162 956 231 1015; x_wconf 82' lang='grc' dir='ltr'><strong><em>πᾶν</em></strong></span> <span class='ocrx_word' id='word_1_59' title='bbox 241 974 311 1025; x_wconf 89' lang='grc' dir='ltr'><strong><em>πως</em></strong></span> <span class='ocrx_word' id='word_1_60' title='bbox 329 953 548 1033; x_wconf 88' lang='grc' dir='ltr'><strong><em>σαφέστερον·</em></strong></span> <span class='ocrx_word' id='word_1_61' title='bbox 570 941 666 1029; x_wconf 84' lang='grc' dir='ltr'><strong><em>ήγάρ</em></strong></span> <span class='ocrx_word' id='word_1_62' title='bbox 678 943 762 1011; x_wconf 80' lang='grc' dir='ltr'><strong><em>ἄνευ</em></strong></span> <span class='ocrx_word' id='word_1_63' title='bbox 772 944 876 1027; x_wconf 91' lang='grc' dir='ltr'><strong><em>λόγον</em></strong></span> <span class='ocrx_word' id='word_1_64' title='bbox 889 943 984 1028; x_wconf 77' lang='grc' dir='ltr'><strong><em>δόξης</em></strong></span> <span class='ocrx_word' id='word_1_65' title='bbox 996 945 1051 1010; x_wconf 81' lang='grc' dir='ltr'><strong><em>ἐπὶ</em></strong></span> <span class='ocrx_word' id='word_1_66' title='bbox 1060 943 1102 1011; x_wconf 90' lang='grc' dir='ltr'><strong><em>τὸ</em></strong></span> <span class='ocrx_word' id='word_1_67' title='bbox 1113 941 1173 1024; x_wconf 79' lang='grc' dir='ltr'><strong><em>ὁρ-</em></strong></span> 
     </span>
    </p>

    <p class='ocr_par' dir='ltr' id='par_1_4' title="bbox 127 1039 1174 1526">
     <span class='ocr_line' id='line_1_9' title="bbox 127 1039 1173 1130; baseline -0.005 -18"><span class='ocrx_word' id='word_1_68' title='bbox 127 1061 147 1112; x_wconf 85' lang='lat' dir='ltr'><strong>c</strong></span> <span class='ocrx_word' id='word_1_69' title='bbox 163 1044 232 1112; x_wconf 87' lang='grc' dir='ltr'><strong><em>θόν</em></strong></span> <span class='ocrx_word' id='word_1_70' title='bbox 248 1043 402 1130; x_wconf 85' lang='grc' dir='ltr'><strong><em>ὁρμάσης</em></strong></span> <span class='ocrx_word' id='word_1_71' title='bbox 418 1043 609 1129; x_wconf 82' lang='grc' dir='ltr'><strong><em>κρατήσασα</em></strong></span> <span class='ocrx_word' id='word_1_72' title='bbox 627 1044 787 1128; x_wconf 79' lang='grc' dir='ltr'><strong><em>ἐπιθυμία</em></strong></span> <span class='ocrx_word' id='word_1_73' title='bbox 799 1040 1019 1128; x_wconf 80' lang='grc' dir='ltr'><strong><em>πρὸςήθονήν</em></strong></span> <span class='ocrx_word' id='word_1_74' title='bbox 1031 1039 1173 1126; x_wconf 78' lang='grc' dir='ltr'><strong><em>άχθείσα</em></strong></span> 
     </span>
     <span class='ocr_line' id='line_1_10' title="bbox 161 1134 1174 1227; baseline -0.001 -17"><span class='ocrx_word' id='word_1_75' title='bbox 161 1143 321 1226; x_wconf 89' lang='grc' dir='ltr'><strong><em>κάλλους,</em></strong></span> <span class='ocrx_word' id='word_1_76' title='bbox 345 1146 399 1209; x_wconf 81' lang='grc' dir='ltr'><strong><em>καὶ</em></strong></span> <span class='ocrx_word' id='word_1_77' title='bbox 417 1139 481 1209; x_wconf 81' lang='grc' dir='ltr'><strong><em>ὑπό</em></strong></span> <span class='ocrx_word' id='word_1_78' title='bbox 501 1134 545 1207; x_wconf 80' lang='grc' dir='ltr'><strong><em>αὖ</em></strong></span> <span class='ocrx_word' id='word_1_79' title='bbox 560 1148 629 1208; x_wconf 80' lang='grc' dir='ltr'><strong><em>τῶν</em></strong></span> <span class='ocrx_word' id='word_1_80' title='bbox 646 1143 763 1227; x_wconf 79' lang='grc' dir='ltr'><strong><em>ἑαυτῆς</em></strong></span> <span class='ocrx_word' id='word_1_81' title='bbox 788 1149 960 1225; x_wconf 79' lang='grc' dir='ltr'><strong><em>συγγενῶν</em></strong></span> <span class='ocrx_word' id='word_1_82' title='bbox 980 1145 1174 1227; x_wconf 73' lang='grc' dir='ltr'><strong><em>ἐπιθυμιῶν</em></strong></span> 
     </span>
     <span class='ocr_line' id='line_1_11' title="bbox 162 1239 1171 1326; baseline -0.003 -16"><span class='ocrx_word' id='word_1_83' title='bbox 162 1243 216 1310; x_wconf 77' lang='grc' dir='ltr'><strong><em>ἐπὶ</em></strong></span> <span class='ocrx_word' id='word_1_84' title='bbox 248 1239 409 1325; x_wconf 90' lang='grc' dir='ltr'><strong><em>σωμάτων</em></strong></span> <span class='ocrx_word' id='word_1_85' title='bbox 438 1240 560 1318; x_wconf 89' lang='grc' dir='ltr'><strong><em>κάλλος</em></strong></span> <span class='ocrx_word' id='word_1_86' title='bbox 586 1242 779 1324; x_wconf 85' lang='grc' dir='ltr'><strong><em>ἐρρωμένως</em></strong></span> <span class='ocrx_word' id='word_1_87' title='bbox 805 1243 974 1326; x_wconf 79' lang='grc' dir='ltr'><strong><em>ῥωσθεῖσα</em></strong></span> <span class='ocrx_word' id='word_1_88' title='bbox 1004 1239 1171 1326; x_wconf 86' lang='grc' dir='ltr'><strong><em>νικήσασα</em></strong></span> 
     </span>
     <span class='ocr_line' id='line_1_12' title="bbox 162 1336 1172 1427; baseline -0.003 -19"><span class='ocrx_word' id='word_1_89' title='bbox 162 1338 293 1427; x_wconf 88' lang='grc' dir='ltr'><strong><em>άγωγή,</em></strong></span> <span class='ocrx_word' id='word_1_90' title='bbox 316 1336 368 1405; x_wconf 83' lang='grc' dir='ltr'><strong><em>ἀπ’</em></strong></span> <span class='ocrx_word' id='word_1_91' title='bbox 388 1336 489 1422; x_wconf 78' lang='grc' dir='ltr'><strong><em>αὐτῆς</em></strong></span> <span class='ocrx_word' id='word_1_92' title='bbox 506 1344 563 1423; x_wconf 90' lang='grc' dir='ltr'><strong><em>τής</em></strong></span> <span class='ocrx_word' id='word_1_93' title='bbox 573 1336 685 1423; x_wconf 78' lang='grc' dir='ltr'><strong><em>ῥεόμης</em></strong></span> <span class='ocrx_word' id='word_1_94' title='bbox 694 1341 887 1423; x_wconf 82' lang='grc' dir='ltr'><strong><em>ἐπωνυμίαν</em></strong></span> <span class='ocrx_word' id='word_1_95' title='bbox 898 1344 1063 1425; x_wconf 84' lang='grc' dir='ltr'><strong><em>λαβοῦσα,</em></strong></span> <span class='ocrx_word' id='word_1_96' title='bbox 1087 1343 1172 1423; x_wconf 78' lang='grc' dir='ltr'><strong><em>ἔρως</em></strong></span> 
     </span>
     <span class='ocr_line' id='line_1_13' title="bbox 161 1440 297 1526; baseline -0.015 -18"><span class='ocrx_word' id='word_1_97' title='bbox 161 1440 297 1526; x_wconf 79' lang='grc' dir='ltr'><strong><em>ἐκλήθη.</em></strong></span> 
     </span>
    </p>

    <p class='ocr_par' dir='ltr' id='par_1_5' title="bbox 162 1528 1173 1726">
     <span class='ocr_line' id='line_1_14' title="bbox 246 1528 1173 1622; baseline -0.002 -17"><span class='ocrx_word' id='word_1_98' title='bbox 246 1545 313 1606; x_wconf 88' lang='lat' dir='ltr'><strong><em>XV.</em></strong></span> <span class='ocrx_word' id='word_1_99' title='bbox 351 1535 464 1620; x_wconf 82' lang='grc' dir='ltr'><strong><em>Ἀτάρ,</em></strong></span> <span class='ocrx_word' id='word_1_100' title='bbox 488 1528 515 1602; x_wconf 81' lang='grc' dir='ltr'><strong><em>ά</em></strong></span> <span class='ocrx_word' id='word_1_101' title='bbox 541 1543 615 1621; x_wconf 87' lang='grc' dir='ltr'><strong><em>φίλε</em></strong></span> <span class='ocrx_word' id='word_1_102' title='bbox 637 1541 776 1622; x_wconf 74' lang='grc' dir='ltr'><strong><em>Φαῖδρε,</em></strong></span> <span class='ocrx_word' id='word_1_103' title='bbox 801 1540 889 1602; x_wconf 77' lang='grc' dir='ltr'><strong><em>δοκῶ</em></strong></span> <span class='ocrx_word' id='word_1_104' title='bbox 912 1562 943 1601; x_wconf 92' lang='grc' dir='ltr'><strong><em>τι</em></strong></span> <span class='ocrx_word' id='word_1_105' title='bbox 963 1540 1033 1620; x_wconf 88' lang='grc' dir='ltr'><strong><em>σοί,</em></strong></span> <span class='ocrx_word' id='word_1_106' title='bbox 1057 1533 1173 1619; x_wconf 72' lang='grc' dir='ltr'><strong><em>ὥσπερ</em></strong></span> 
     </span>
     <span class='ocr_line' id='line_1_15' title="bbox 162 1636 774 1726; baseline -0.01 -22"><span class='ocrx_word' id='word_1_107' title='bbox 162 1642 310 1726; x_wconf 73' lang='grc' dir='ltr'><strong><em>ἐμαυτῷ,</em></strong></span> <span class='ocrx_word' id='word_1_108' title='bbox 323 1646 419 1703; x_wconf 84' lang='grc' dir='ltr'><strong><em>θεῖον</em></strong></span> <span class='ocrx_word' id='word_1_109' title='bbox 430 1636 541 1714; x_wconf 87' lang='grc' dir='ltr'><strong><em>πάθος</em></strong></span> <span class='ocrx_word' id='word_1_110' title='bbox 552 1636 774 1712; x_wconf 85' lang='grc' dir='ltr'><strong><em>πεπονθέναι;</em></strong></span> 
     </span>
    </p>

    <p class='ocr_par' dir='ltr' id='par_1_6' title="bbox 163 1726 1174 1919">
     <span class='ocr_line' id='line_1_16' title="bbox 248 1726 1174 1820; baseline -0.003 -18"><span class='ocrx_word' id='word_1_111' title='bbox 248 1742 338 1803; x_wconf 89' lang='grc' dir='ltr'><strong><em>ΦΑΙ.</em></strong></span> <span class='ocrx_word' id='word_1_112' title='bbox 372 1735 472 1802; x_wconf 88' lang='grc' dir='ltr'><strong><em>Πάνυ</em></strong></span> <span class='ocrx_word' id='word_1_113' title='bbox 483 1735 545 1819; x_wconf 79' lang='grc' dir='ltr'><strong><em>μέν</em></strong></span> <span class='ocrx_word' id='word_1_114' title='bbox 556 1727 636 1820; x_wconf 82' lang='grc' dir='ltr'><strong><em>οὖν,</em></strong></span> <span class='ocrx_word' id='word_1_115' title='bbox 649 1726 677 1800; x_wconf 80' lang='grc' dir='ltr'><strong><em>ά</em></strong></span> <span class='ocrx_word' id='word_1_116' title='bbox 688 1732 880 1817; x_wconf 78' lang='grc' dir='ltr'><strong><em>Σώκρατες,</em></strong></span> <span class='ocrx_word' id='word_1_117' title='bbox 900 1730 988 1815; x_wconf 79' lang='grc' dir='ltr'><strong><em>παρά</em></strong></span> <span class='ocrx_word' id='word_1_118' title='bbox 1000 1729 1037 1799; x_wconf 85' lang='grc' dir='ltr'><strong><em>τό</em></strong></span> <span class='ocrx_word' id='word_1_119' title='bbox 1051 1729 1174 1808; x_wconf 81' lang='grc' dir='ltr'><strong><em>είωθός</em></strong></span> 
     </span>
     <span class='ocr_line' id='line_1_17' title="bbox 163 1828 540 1919; baseline 0 -20"><span class='ocrx_word' id='word_1_120' title='bbox 163 1828 279 1915; x_wconf 80' lang='grc' dir='ltr'><strong><em>εόροιά</em></strong></span> <span class='ocrx_word' id='word_1_121' title='bbox 290 1840 338 1912; x_wconf 90' lang='grc' dir='ltr'><strong><em>τίς</em></strong></span> <span class='ocrx_word' id='word_1_122' title='bbox 348 1853 385 1900; x_wconf 89' lang='grc' dir='ltr'><strong><em>σε</em></strong></span> <span class='ocrx_word' id='word_1_123' title='bbox 397 1842 540 1919; x_wconf 78' lang='grc' dir='ltr'><strong><em>εἴληφεν.</em></strong></span> 
     </span>
    </p>

    <p class='ocr_par' dir='ltr' id='par_1_7' title="bbox 248 1927 1174 2019">
     <span class='ocr_line' id='line_1_18' title="bbox 248 1927 1174 2019; baseline -0.005 -20"><span class='ocrx_word' id='word_1_124' title='bbox 248 1937 323 1999; x_wconf 72' lang='grc' dir='ltr'><strong><em>Σίλ.</em></strong></span> <span class='ocrx_word' id='word_1_125' title='bbox 354 1936 442 2017; x_wconf 80' lang='grc' dir='ltr'><strong><em>Σιγῇ</em></strong></span> <span class='ocrx_word' id='word_1_126' title='bbox 453 1935 569 1997; x_wconf 88' lang='grc' dir='ltr'><strong><em>τοίνυν</em></strong></span> <span class='ocrx_word' id='word_1_127' title='bbox 577 1956 643 2016; x_wconf 91' lang='grc' dir='ltr'><strong><em>μου</em></strong></span> <span class='ocrx_word' id='word_1_128' title='bbox 655 1929 771 1998; x_wconf 79' lang='grc' dir='ltr'><strong><em>ἄκουε·</em></strong></span> <span class='ocrx_word' id='word_1_129' title='bbox 786 1937 832 2019; x_wconf 77' lang='grc' dir='ltr'><strong><em>τῷ</em></strong></span> <span class='ocrx_word' id='word_1_130' title='bbox 842 1927 914 1997; x_wconf 87' lang='grc' dir='ltr'><strong><em>όντι</em></strong></span> <span class='ocrx_word' id='word_1_131' title='bbox 923 1927 988 2014; x_wconf 81' lang='grc' dir='ltr'><strong><em>γὰρ</em></strong></span> <span class='ocrx_word' id='word_1_132' title='bbox 999 1937 1094 2006; x_wconf 78' lang='grc' dir='ltr'><strong><em>θεῖος</em></strong></span> <span class='ocrx_word' id='word_1_133' title='bbox 1106 1933 1174 1996; x_wconf 78' lang='grc' dir='ltr'><strong><em>ἔοι-</em></strong></span> 
     </span>
    </p>

    <p class='ocr_par' dir='ltr' id='par_1_8' title="bbox 124 2024 1173 2311">
     <span class='ocr_line' id='line_1_19' title="bbox 124 2024 1173 2113; baseline 0.002 -20"><span class='ocrx_word' id='word_1_134' title='bbox 124 2044 146 2093; x_wconf 84' lang='lat'><strong><em>1)</em></strong></span> <span class='ocrx_word' id='word_1_135' title='bbox 165 2054 225 2096; x_wconf 83' lang='grc' dir='ltr'><strong><em>κεν</em></strong></span> <span class='ocrx_word' id='word_1_136' title='bbox 242 2024 260 2094; x_wconf 87' lang='grc' dir='ltr'><strong>ὁ</strong></span> <span class='ocrx_word' id='word_1_137' title='bbox 278 2027 378 2104; x_wconf 86' lang='grc' dir='ltr'><strong><em>τόπος</em></strong></span> <span class='ocrx_word' id='word_1_138' title='bbox 395 2025 494 2094; x_wconf 74' lang='grc' dir='ltr'><strong><em>εἶναι·</em></strong></span> <span class='ocrx_word' id='word_1_139' title='bbox 518 2025 601 2095; x_wconf 73' lang='grc' dir='ltr'><strong><em>ὥστε</em></strong></span> <span class='ocrx_word' id='word_1_140' title='bbox 618 2027 678 2095; x_wconf 83' lang='grc' dir='ltr'><strong><em>ἐάν</em></strong></span> <span class='ocrx_word' id='word_1_141' title='bbox 689 2028 754 2113; x_wconf 83' lang='grc' dir='ltr'><strong><em>άρα</em></strong></span> <span class='ocrx_word' id='word_1_142' title='bbox 765 2029 923 2106; x_wconf 87' lang='grc' dir='ltr'><strong><em>πολλάκις</em></strong></span> <span class='ocrx_word' id='word_1_143' title='bbox 933 2027 1173 2113; x_wconf 89' lang='grc' dir='ltr'><strong><em>νυμφόληπτος</em></strong></span> 
     </span>
     <span class='ocr_line' id='line_1_20' title="bbox 165 2123 1173 2214; baseline 0.001 -24"><span class='ocrx_word' id='word_1_144' title='bbox 165 2124 340 2207; x_wconf 79' lang='grc' dir='ltr'><strong><em>προιόντος</em></strong></span> <span class='ocrx_word' id='word_1_145' title='bbox 349 2131 411 2189; x_wconf 80' lang='grc' dir='ltr'><strong><em>τοῦ</em></strong></span> <span class='ocrx_word' id='word_1_146' title='bbox 422 2123 525 2207; x_wconf 92' lang='grc' dir='ltr'><strong><em>λόγου</em></strong></span> <span class='ocrx_word' id='word_1_147' title='bbox 539 2129 692 2210; x_wconf 82' lang='grc' dir='ltr'><strong><em>γένωμαι,</em></strong></span> <span class='ocrx_word' id='word_1_148' title='bbox 705 2124 750 2212; x_wconf 84' lang='grc' dir='ltr'><strong><em>μή</em></strong></span> <span class='ocrx_word' id='word_1_149' title='bbox 761 2127 954 2214; x_wconf 75' lang='grc' dir='ltr'><strong><em>θαυμάσῃς·</em></strong></span> <span class='ocrx_word' id='word_1_150' title='bbox 974 2125 1014 2192; x_wconf 85' lang='grc' dir='ltr'><strong><em>τά</em></strong></span> <span class='ocrx_word' id='word_1_151' title='bbox 1027 2132 1095 2193; x_wconf 80' lang='grc' dir='ltr'><strong><em>νῦν</em></strong></span> <span class='ocrx_word' id='word_1_152' title='bbox 1107 2124 1173 2210; x_wconf 85' lang='grc' dir='ltr'><strong><em>γάρ</em></strong></span> 
     </span>
     <span class='ocr_line' id='line_1_21' title="bbox 165 2217 844 2311; baseline 0.007 -23"><span class='ocrx_word' id='word_1_153' title='bbox 165 2217 275 2288; x_wconf 78' lang='grc' dir='ltr'><strong><em>οὐκέτι</em></strong></span> <span class='ocrx_word' id='word_1_154' title='bbox 288 2218 401 2305; x_wconf 86' lang='grc' dir='ltr'><strong><em>πόρρω</em></strong></span> <span class='ocrx_word' id='word_1_155' title='bbox 414 2222 635 2307; x_wconf 78' lang='grc' dir='ltr'><strong><em>διθυράμβων</em></strong></span> <span class='ocrx_word' id='word_1_156' title='bbox 645 2227 844 2311; x_wconf 91' lang='grc' dir='ltr'><strong><em>φθέγγομαι.</em></strong></span> 
     </span>
    </p>

    <p class='ocr_par' dir='ltr' id='par_1_9' title="bbox 249 2316 711 2405">
     <span class='ocr_line' id='line_1_22' title="bbox 249 2316 711 2405; baseline 0.006 -18"><span class='ocrx_word' id='word_1_157' title='bbox 249 2326 339 2387; x_wconf 87' lang='grc' dir='ltr'><strong><em>ΦΑΙ.</em></strong></span> <span class='ocrx_word' id='word_1_158' title='bbox 368 2316 589 2404; x_wconf 84' lang='grc' dir='ltr'><strong><em>Ἀληθέστατα</em></strong></span> <span class='ocrx_word' id='word_1_159' title='bbox 600 2323 711 2405; x_wconf 80' lang='grc' dir='ltr'><strong><em>λέγεις.</em></strong></span> 
     </span>
    </p>

    <p class='ocr_par' dir='ltr' id='par_1_10' title="bbox 164 2419 1174 2904">
     <span class='ocr_line' id='line_1_23' title="bbox 248 2419 1174 2506; baseline 0.001 -18"><span class='ocrx_word' id='word_1_160' title='bbox 248 2427 323 2488; x_wconf 74' lang='grc' dir='ltr'><strong><em>ΣΩ.</em></strong></span> <span class='ocrx_word' id='word_1_161' title='bbox 349 2420 486 2487; x_wconf 82' lang='grc' dir='ltr'><strong><em>Τούτων</em></strong></span> <span class='ocrx_word' id='word_1_162' title='bbox 496 2424 608 2506; x_wconf 88' lang='grc' dir='ltr'><strong><em>μέντοι</em></strong></span> <span class='ocrx_word' id='word_1_163' title='bbox 616 2421 660 2487; x_wconf 82' lang='grc' dir='ltr'><strong><em>σὺ</em></strong></span> <span class='ocrx_word' id='word_1_164' title='bbox 670 2431 785 2501; x_wconf 85' lang='grc' dir='ltr'><strong><em>αίτιος·</em></strong></span> <span class='ocrx_word' id='word_1_165' title='bbox 797 2419 880 2489; x_wconf 83' lang='grc' dir='ltr'><strong><em>άλλὰ</em></strong></span> <span class='ocrx_word' id='word_1_166' title='bbox 890 2419 929 2488; x_wconf 81' lang='grc' dir='ltr'><strong><em>τὰ</em></strong></span> <span class='ocrx_word' id='word_1_167' title='bbox 943 2419 1042 2489; x_wconf 81' lang='grc' dir='ltr'><strong><em>λοιπά</em></strong></span> <span class='ocrx_word' id='word_1_168' title='bbox 1052 2419 1174 2489; x_wconf 75' lang='grc' dir='ltr'><strong><em>ἄκουε·</em></strong></span> 
     </span>
     <span class='ocr_line' id='line_1_24' title="bbox 164 2511 1174 2608; baseline 0.002 -21"><span class='ocrx_word' id='word_1_169' title='bbox 164 2529 243 2597; x_wconf 77' lang='grc' dir='ltr'><strong><em>ἴσως</em></strong></span> <span class='ocrx_word' id='word_1_170' title='bbox 254 2521 316 2605; x_wconf 83' lang='grc' dir='ltr'><strong><em>γὰρ</em></strong></span> <span class='ocrx_word' id='word_1_171' title='bbox 328 2515 393 2587; x_wconf 84' lang='grc' dir='ltr'><strong><em>κάν</em></strong></span> <span class='ocrx_word' id='word_1_172' title='bbox 406 2517 629 2602; x_wconf 84' lang='grc' dir='ltr'><strong><em>άποτράποιτο</em></strong></span> <span class='ocrx_word' id='word_1_173' title='bbox 645 2520 681 2587; x_wconf 90' lang='grc' dir='ltr'>τό</span> <span class='ocrx_word' id='word_1_174' title='bbox 701 2520 802 2588; x_wconf 81' lang='grc' dir='ltr'><strong><em>ἐπιόν.</em></strong></span> <span class='ocrx_word' id='word_1_175' title='bbox 821 2526 924 2588; x_wconf 85' lang='grc' dir='ltr'><strong><em>ταῦτα</em></strong></span> <span class='ocrx_word' id='word_1_176' title='bbox 941 2521 1002 2606; x_wconf 75' lang='grc' dir='ltr'><strong><em>μὲν</em></strong></span> <span class='ocrx_word' id='word_1_177' title='bbox 1019 2511 1084 2586; x_wconf 83' lang='grc' dir='ltr'><strong><em>οὖν</em></strong></span> <span class='ocrx_word' id='word_1_178' title='bbox 1102 2527 1174 2608; x_wconf 77' lang='grc' dir='ltr'><strong><em>θεῷ</em></strong></span> 
     </span>
     <span class='ocr_line' id='line_1_25' title="bbox 164 2614 1173 2708; baseline -0.001 -22"><span class='ocrx_word' id='word_1_179' title='bbox 164 2618 315 2704; x_wconf 83' lang='grc' dir='ltr'><strong><em>μελήσει,</em></strong></span> <span class='ocrx_word' id='word_1_180' title='bbox 336 2615 416 2704; x_wconf 82' lang='grc' dir='ltr'><strong><em>ἡμῖν</em></strong></span> <span class='ocrx_word' id='word_1_181' title='bbox 437 2620 473 2684; x_wconf 77' lang='grc' dir='ltr'><strong><em>δὲ</em></strong></span> <span class='ocrx_word' id='word_1_182' title='bbox 490 2617 572 2702; x_wconf 90' lang='grc' dir='ltr'><strong><em>πρὸς</em></strong></span> <span class='ocrx_word' id='word_1_183' title='bbox 588 2614 649 2686; x_wconf 84' lang='grc' dir='ltr'><strong><em>τόν</em></strong></span> <span class='ocrx_word' id='word_1_184' title='bbox 667 2625 767 2687; x_wconf 78' lang='grc' dir='ltr'><strong><em>παῖσα</em></strong></span> <span class='ocrx_word' id='word_1_185' title='bbox 785 2620 886 2687; x_wconf 91' lang='grc' dir='ltr'><strong><em>πάλιν</em></strong></span> <span class='ocrx_word' id='word_1_186' title='bbox 902 2627 948 2708; x_wconf 79' lang='grc' dir='ltr'><strong><em>τῷ</em></strong></span> <span class='ocrx_word' id='word_1_187' title='bbox 966 2618 1056 2708; x_wconf 76' lang='grc' dir='ltr'><strong><em>λόγῳ</em></strong></span> <span class='ocrx_word' id='word_1_188' title='bbox 1073 2623 1173 2688; x_wconf 89' lang='grc' dir='ltr'><strong><em>ίτέου.</em></strong></span> 
     </span>
     <span class='ocr_line' id='line_1_26' title="bbox 164 2709 1174 2804; baseline -0.003 -17"><span class='ocrx_word' id='word_1_189' title='bbox 164 2759 206 2770; x_wconf 88' lang='lat'><em>-</em></span> <span class='ocrx_word' id='word_1_190' title='bbox 217 2717 313 2802; x_wconf 85' lang='grc' dir='ltr'><strong><em>Ελεν,</em></strong></span> <span class='ocrx_word' id='word_1_191' title='bbox 338 2710 365 2783; x_wconf 79' lang='grc' dir='ltr'><strong><em>ά</em></strong></span> <span class='ocrx_word' id='word_1_192' title='bbox 381 2721 530 2802; x_wconf 82' lang='grc' dir='ltr'><strong><em>φέριστε·</em></strong></span> <span class='ocrx_word' id='word_1_193' title='bbox 553 2715 572 2785; x_wconf 81' lang='grc' dir='ltr'><strong>ὃ</strong></span> <span class='ocrx_word' id='word_1_194' title='bbox 588 2719 648 2803; x_wconf 72' lang='grc' dir='ltr'><strong><em>μέν</em></strong></span> <span class='ocrx_word' id='word_1_195' title='bbox 665 2717 707 2804; x_wconf 77' lang='grc' dir='ltr'><strong><em>δή</em></strong></span> <span class='ocrx_word' id='word_1_196' title='bbox 724 2717 879 2804; x_wconf 86' lang='grc' dir='ltr'><strong><em>τυγχάνει</em></strong></span> <span class='ocrx_word' id='word_1_197' title='bbox 894 2713 936 2785; x_wconf 79' lang='grc' dir='ltr'><strong><em>όν</em></strong></span> <span class='ocrx_word' id='word_1_198' title='bbox 948 2719 1022 2800; x_wconf 85' lang='grc' dir='ltr'><strong><em>περὶ</em></strong></span> <span class='ocrx_word' id='word_1_199' title='bbox 1035 2709 1078 2784; x_wconf 77' lang='grc' dir='ltr'><strong><em>οὗ</em></strong></span> <span class='ocrx_word' id='word_1_200' title='bbox 1090 2725 1174 2804; x_wconf 91' lang='grc' dir='ltr'><strong><em>βου-</em></strong></span> 
     </span>
     <span class='ocr_line' id='line_1_27' title="bbox 165 2813 1174 2904; baseline -0.004 -18"><span class='ocrx_word' id='word_1_201' title='bbox 165 2819 317 2899; x_wconf 86' lang='grc' dir='ltr'><strong><em>λευτέον,</em></strong></span> <span class='ocrx_word' id='word_1_202' title='bbox 340 2823 467 2900; x_wconf 79' lang='grc' dir='ltr'><strong><em>εἴρηταί</em></strong></span> <span class='ocrx_word' id='word_1_203' title='bbox 481 2841 516 2883; x_wconf 91' lang='grc' dir='ltr'><strong><em>τε</em></strong></span> <span class='ocrx_word' id='word_1_204' title='bbox 533 2818 587 2884; x_wconf 83' lang='grc' dir='ltr'><strong><em>καλ</em></strong></span> <span class='ocrx_word' id='word_1_205' title='bbox 607 2816 757 2902; x_wconf 79' lang='grc' dir='ltr'><strong><em>άρισται,</em></strong></span> <span class='ocrx_word' id='word_1_206' title='bbox 780 2821 957 2903; x_wconf 86' lang='grc' dir='ltr'><strong><em>βλέποντες</em></strong></span> <span class='ocrx_word' id='word_1_207' title='bbox 975 2819 1011 2885; x_wconf 71' lang='grc' dir='ltr'><strong><em>δὲ</em></strong></span> <span class='ocrx_word' id='word_1_208' title='bbox 1028 2813 1070 2904; x_wconf 79' lang='grc' dir='ltr'><strong><em>δή</em></strong></span> <span class='ocrx_word' id='word_1_209' title='bbox 1088 2813 1174 2900; x_wconf 85' lang='grc' dir='ltr'><strong><em>πρός</em></strong></span> 
     </span>
    </p>

    <p class='ocr_par' dir='ltr' id='par_1_11' title="bbox 126 2911 1174 3396">
     <span class='ocr_line' id='line_1_28' title="bbox 126 2911 1174 3001; baseline -0.009 -13"><span class='ocrx_word' id='word_1_210' title='bbox 126 2940 148 2989; x_wconf 82' lang='grc' dir='ltr'><strong>Ε</strong></span> <span class='ocrx_word' id='word_1_211' title='bbox 165 2913 247 2984; x_wconf 78' lang='grc' dir='ltr'><strong><em>αὐτὸ</em></strong></span> <span class='ocrx_word' id='word_1_212' title='bbox 259 2915 299 2981; x_wconf 82' lang='grc' dir='ltr'><strong><em>τά</em></strong></span> <span class='ocrx_word' id='word_1_213' title='bbox 310 2913 408 2981; x_wconf 80' lang='grc' dir='ltr'><strong><em>λοιπά</em></strong></span> <span class='ocrx_word' id='word_1_214' title='bbox 420 2917 576 2999; x_wconf 87' lang='grc' dir='ltr'><strong><em>λέγωμεν,</em></strong></span> <span class='ocrx_word' id='word_1_215' title='bbox 587 2920 635 2993; x_wconf 91' lang='grc' dir='ltr'><strong><em>τίς</em></strong></span> <span class='ocrx_word' id='word_1_216' title='bbox 644 2911 785 3000; x_wconf 75' lang='grc' dir='ltr'><strong><em>ὠφέλεια</em></strong></span> <span class='ocrx_word' id='word_1_217' title='bbox 795 2911 815 3000; x_wconf 85' lang='grc' dir='ltr'><strong><em>ή</em></strong></span> <span class='ocrx_word' id='word_1_218' title='bbox 825 2914 932 3001; x_wconf 84' lang='grc' dir='ltr'><strong><em>βλάβη</em></strong></span> <span class='ocrx_word' id='word_1_219' title='bbox 944 2913 1011 2981; x_wconf 86' lang='grc' dir='ltr'><strong><em>άπό</em></strong></span> <span class='ocrx_word' id='word_1_220' title='bbox 1022 2940 1058 2982; x_wconf 89' lang='grc' dir='ltr'><strong><em>τε</em></strong></span> <span class='ocrx_word' id='word_1_221' title='bbox 1066 2917 1174 2997; x_wconf 75' lang='grc' dir='ltr'><strong><em>ἐρῶν-</em></strong></span> 
     </span>
     <span class='ocr_line' id='line_1_29' title="bbox 165 3009 1172 3103; baseline -0.005 -19"><span class='ocrx_word' id='word_1_222' title='bbox 165 3042 220 3095; x_wconf 91' lang='grc' dir='ltr'><strong><em>τος</em></strong></span> <span class='ocrx_word' id='word_1_223' title='bbox 237 3015 291 3082; x_wconf 84' lang='grc' dir='ltr'><strong><em>καὶ</em></strong></span> <span class='ocrx_word' id='word_1_224' title='bbox 309 3011 353 3098; x_wconf 83' lang='grc' dir='ltr'><strong><em>μή</em></strong></span> <span class='ocrx_word' id='word_1_225' title='bbox 371 3020 418 3101; x_wconf 75' lang='grc' dir='ltr'><strong><em>τῷ</em></strong></span> <span class='ocrx_word' id='word_1_226' title='bbox 433 3015 633 3103; x_wconf 76' lang='grc' dir='ltr'><strong><em>χαριζομένῳ</em></strong></span> <span class='ocrx_word' id='word_1_227' title='bbox 649 3015 682 3092; x_wconf 81' lang='grc' dir='ltr'><strong><em>ἐξ</em></strong></span> <span class='ocrx_word' id='word_1_228' title='bbox 699 3013 824 3090; x_wconf 77' lang='grc' dir='ltr'><strong><em>εἰκότος</em></strong></span> <span class='ocrx_word' id='word_1_229' title='bbox 836 3012 1048 3099; x_wconf 88' lang='grc' dir='ltr'><strong><em>συμβήσεται.</em></strong></span> <span class='ocrx_word' id='word_1_230' title='bbox 1073 3019 1120 3102; x_wconf 79' lang='grc' dir='ltr'><strong><em>τῷ</em></strong></span> <span class='ocrx_word' id='word_1_231' title='bbox 1132 3009 1172 3098; x_wconf 78' lang='grc' dir='ltr'><strong><em>δή</em></strong></span> 
     </span>
     <span class='ocr_line' id='line_1_30' title="bbox 165 3109 1172 3202; baseline -0.004 -19"><span class='ocrx_word' id='word_1_232' title='bbox 165 3113 230 3183; x_wconf 83' lang='grc' dir='ltr'><strong><em>ὑπὸ</em></strong></span> <span class='ocrx_word' id='word_1_233' title='bbox 254 3116 430 3197; x_wconf 75' lang='grc' dir='ltr'><strong><em>ἐπιθυμίας</em></strong></span> <span class='ocrx_word' id='word_1_234' title='bbox 451 3109 622 3202; x_wconf 86' lang='grc' dir='ltr'><strong><em>άρχομένφ</em></strong></span> <span class='ocrx_word' id='word_1_235' title='bbox 646 3111 842 3179; x_wconf 79' lang='grc' dir='ltr'><strong><em>δουλεύοντί</em></strong></span> <span class='ocrx_word' id='word_1_236' title='bbox 860 3137 895 3179; x_wconf 87' lang='grc' dir='ltr'><strong><em>τε</em></strong></span> <span class='ocrx_word' id='word_1_237' title='bbox 915 3109 1021 3199; x_wconf 76' lang='grc' dir='ltr'><strong><em>ἡδονῇ</em></strong></span> <span class='ocrx_word' id='word_1_238' title='bbox 1042 3110 1172 3196; x_wconf 80' lang='grc' dir='ltr'><strong><em>ἀνάγκη</em></strong></span> 
     </span>
     <span class='ocr_line' id='line_1_31' title="bbox 166 3207 1171 3299; baseline -0.004 -18"><span class='ocrx_word' id='word_1_239' title='bbox 166 3239 233 3281; x_wconf 84' lang='grc' dir='ltr'><strong><em>που</em></strong></span> <span class='ocrx_word' id='word_1_240' title='bbox 248 3209 285 3279; x_wconf 86' lang='grc' dir='ltr'><strong><em>τό</em></strong></span> <span class='ocrx_word' id='word_1_241' title='bbox 303 3210 472 3296; x_wconf 78' lang='grc' dir='ltr'><strong><em>ἐρόμενον</em></strong></span> <span class='ocrx_word' id='word_1_242' title='bbox 489 3207 533 3289; x_wconf 79' lang='grc' dir='ltr'><strong><em>ὡς</em></strong></span> <span class='ocrx_word' id='word_1_243' title='bbox 548 3209 685 3298; x_wconf 79' lang='grc' dir='ltr'><strong><em>ἥδιστον</em></strong></span> <span class='ocrx_word' id='word_1_244' title='bbox 696 3212 801 3299; x_wconf 76' lang='grc' dir='ltr'><strong><em>ἑαυτῷ</em></strong></span> <span class='ocrx_word' id='word_1_245' title='bbox 814 3209 1089 3296; x_wconf 77' lang='grc' dir='ltr'><strong><em>παρασκευάζειν·</em></strong></span> <span class='ocrx_word' id='word_1_246' title='bbox 1114 3236 1171 3277; x_wconf 86' lang='grc' dir='ltr'><strong><em>νο-</em></strong></span> 
     </span>
     <span class='ocr_line' id='line_1_32' title="bbox 168 3305 1172 3396; baseline -0.004 -18"><span class='ocrx_word' id='word_1_247' title='bbox 168 3319 283 3378; x_wconf 80' lang='grc' dir='ltr'><strong><em>σοῦντι</em></strong></span> <span class='ocrx_word' id='word_1_248' title='bbox 300 3309 335 3376; x_wconf 67' lang='grc' dir='ltr'><strong><em>σε</em></strong></span> <span class='ocrx_word' id='word_1_249' title='bbox 352 3316 420 3375; x_wconf 84' lang='grc' dir='ltr'><strong><em>πάν</em></strong></span> <span class='ocrx_word' id='word_1_250' title='bbox 433 3305 499 3394; x_wconf 80' lang='grc' dir='ltr'><strong><em>ήόύ</em></strong></span> <span class='ocrx_word' id='word_1_251' title='bbox 509 3309 546 3377; x_wconf 85' lang='grc' dir='ltr'><strong><em>τὸ</em></strong></span> <span class='ocrx_word' id='word_1_252' title='bbox 558 3307 603 3395; x_wconf 84' lang='grc' dir='ltr'><strong><em>μή</em></strong></span> <span class='ocrx_word' id='word_1_253' title='bbox 614 3307 808 3394; x_wconf 79' lang='grc' dir='ltr'><strong><em>ἀντιτεῖνον,</em></strong></span> <span class='ocrx_word' id='word_1_254' title='bbox 821 3322 972 3396; x_wconf 76' lang='grc' dir='ltr'><strong><em>κρεῖττον</em></strong></span> <span class='ocrx_word' id='word_1_255' title='bbox 983 3308 1019 3376; x_wconf 70' lang='grc' dir='ltr'><strong><em>δὲ</em></strong></span> <span class='ocrx_word' id='word_1_256' title='bbox 1030 3309 1085 3376; x_wconf 82' lang='grc' dir='ltr'><strong><em>καὶ</em></strong></span> <span class='ocrx_word' id='word_1_257' title='bbox 1098 3317 1172 3376; x_wconf 79' lang='grc' dir='ltr'><strong><em>ἴσον</em></strong></span> 
     </span>
    </p>

    <p class='ocr_par' dir='ltr' id='par_1_12' title="bbox 87 3403 1175 3497">
     <span class='ocr_line' id='line_1_33' title="bbox 87 3403 1175 3497; baseline 0 -23"><span class='ocrx_word' id='word_1_258' title='bbox 87 3429 148 3481; x_wconf 75' lang='lat'><strong><em>239</em></strong></span> <span class='ocrx_word' id='word_1_259' title='bbox 162 3408 297 3490; x_wconf 64' lang='grc' dir='ltr'><strong><em>ιβγθρόν.</em></strong></span> <span class='ocrx_word' id='word_1_260' title='bbox 321 3405 398 3476; x_wconf 75' lang='grc' dir='ltr'><strong><em>οὔτε</em></strong></span> <span class='ocrx_word' id='word_1_261' title='bbox 419 3405 460 3497; x_wconf 78' lang='grc' dir='ltr'><strong><em>δή</em></strong></span> <span class='ocrx_word' id='word_1_262' title='bbox 477 3415 612 3493; x_wconf 89' lang='grc' dir='ltr'><strong><em>κρείττω</em></strong></span> <span class='ocrx_word' id='word_1_263' title='bbox 630 3405 707 3477; x_wconf 77' lang='grc' dir='ltr'><strong><em>οὔτε</em></strong></span> <span class='ocrx_word' id='word_1_264' title='bbox 725 3407 903 3494; x_wconf 86' lang='grc' dir='ltr'><strong><em>ίσοόμενον</em></strong></span> <span class='ocrx_word' id='word_1_265' title='bbox 925 3405 1012 3474; x_wconf 76' lang='grc' dir='ltr'><strong><em>ἕκάν</em></strong></span> <span class='ocrx_word' id='word_1_266' title='bbox 1032 3403 1175 3492; x_wconf 82' lang='grc' dir='ltr'><strong><em>ἐραστής</em></strong></span> 
     </span>
    </p>
   </div>
   <div class='ocr_carea' id='block_1_4' title="bbox 0 0 1213 3780">
    <p class='ocr_par' dir='ltr' id='par_1_13' title="bbox 0 0 1213 3780">
     <span class='ocr_line' id='line_1_34' title="bbox 0 0 1213 3780; baseline 0 0"><span class='ocrx_word' id='word_1_267' title='bbox 0 0 1213 3780; x_wconf 95' lang='lat' dir='ltr'><strong><em> </em></strong></span> 
     </span>
    </p>
   </div>
  </div>
 </body>
</html>
