2408 3780
64 219 96 273 81
455 208 684 267 ΦΑΙΔΡΟΣ.
1008 201 1071 266 219

64 368 138 454 οῦχὶ
148 367 200 437 ἐπ’
215 375 353 455 ἔσχατον
364 371 476 436 ἐλθεῖν
486 365 618 453 ἀηδίας;
630 363 751 452 ὁρῶντι
761 367 822 451 μὲν
835 365 913 447 όψιν
925 376 1073 455 πρεσβυ-

64 470 165 550 τέραν
182 468 237 535 καὶ
255 465 317 534 οῦκ
333 471 371 535 έν
389 464 476 554 ῷρρι,
499 467 671 551 ἑπομένων
692 463 728 531 δὲ
744 472 812 532 τῷν
830 464 941 534 ἀλλων
957 468 1071 555 ταύτη,

66 562 152 634 άκαλ
163 565 252 655 λόγῳ
265 569 352 633 ἐστὶν
362 563 500 634 ἀκούειν
512 562 574 633 οῦκ
590 567 773 650 ἐπιτερπές,
798 563 841 650 μή
860 564 910 632 ὅτι
927 565 967 653 δή
987 573 1072 655 ἔργῳ
1091 578 1112 629 Ε

66 661 213 749 ἀνάγκης
221 661 271 730 ἀεὶ
278 666 516 750 προσκειμένης
522 666 815 748 μεταχειρίζεσθαι·
828 665 980 749 φυλακάς
987 691 1021 733 τε
1034 663 1073 753 δή

66 762 320 849 καχυποτόπους
331 763 567 850 φυλαττομένῳ
586 757 640 826 διά
658 757 781 840 παντός
798 762 951 847 καὶπρὸς
967 761 1075 832 ἀπαν-

68 888 141 947 τας,
165 858 325 946 ἀκαίρους
341 885 376 926 τε
392 861 447 926 καὶ
457 861 613 939 ἐπαίνους
622 861 678 926 καὶ
688 854 958 946 ὑπερβάλλοντας
969 859 1075 930 ἀκοῦ-

68 986 151 1046 οντι,
164 957 208 1038 ὡς
220 956 251 1025 θ’
265 956 374 1037 οὕτως
384 957 511 1043 ψόγους
522 958 689 1044 νήφοντος
699 958 760 1042 μὲν
772 956 835 1026 οῦκ
846 955 1015 1047 ἀνεκτοός,
1030 968 1075 1042 εἰς

69 1062 104 1126 δὲ
116 1062 225 1144 μέθην
243 1056 352 1136 λόντος
369 1054 451 1142 πρός
468 1064 516 1145 τῷ
525 1053 569 1143 μή
583 1053 710 1146 ἀνεκτῷ
728 1055 781 1125 ἐπ’
793 1066 896 1144 αλσχει
907 1069 1064 1148 παρρησί,

66 1170 245 1238 κατακορει
252 1157 307 1224 καὶ
318 1153 571 1244 ἀναπεπταμένῃ
582 1161 762 1243 χρωμένου.

153 1262 262 1324 XVIII.
305 1254 370 1320 Καὶ
387 1255 473 1338 ἐρῷν
489 1253 550 1339 μὲν
560 1255 723 1344 βλαβερός
734 1281 769 1323 τε
779 1258 834 1325 καλ
844 1255 963 1346 ἀηδής,
976 1259 1074 1345 λήξας

70 1353 106 1420 δὲ
116 1360 179 1420 τοῦ
189 1357 308 1435 ἔρωτος
319 1358 364 1430 είς
373 1349 433 1419 τόν
444 1358 554 1421 ἔπειτα
563 1354 688 1440 χρόνον
698 1353 849 1440 άπιστος,
862 1363 907 1435 είς
918 1353 958 1424 ῦν
969 1355 1074 1426 πολλά

72 1452 126 1533 χαὶ
145 1446 225 1535 μετά
246 1456 379 1518 πολλάν
397 1449 507 1536 ὅρκων
523 1476 558 1518 τε
574 1452 629 1519 καὶ
647 1451 793 1537 δεήσεων
813 1449 1077 1541 ὑπισχνούμενος

70 1547 168 1634 μόγις
177 1561 302 1632 κατεῖχε
319 1545 381 1633 τήν
398 1550 498 1637 ἐντῷ
513 1547 588 1616 τότε
598 1555 778 1628 ξυνουσίαν
787 1551 948 1618 ἐπίπονον
961 1554 1076 1638 φέρειν
1091 1562 1143 1617 241

71 1643 116 1715 δι’
131 1649 246 1715 ἐλπίδα
260 1644 410 1730 ἀγαθῷν.
422 1647 496 1715 τότε
506 1646 546 1732 δή
560 1649 637 1716 δέον
647 1650 796 1734 ἐκτίνειν,
808 1651 1003 1736 μεταβαλών
1014 1650 1076 1720 άλ-

70 1753 133 1813 λον
150 1743 293 1830 άρχοντα
310 1747 347 1812 ἐν
363 1742 454 1834 αῦτῷ
472 1746 528 1812 καὶ
544 1745 748 1831 προστάτην,
771 1752 856 1814 νοῦν
867 1750 923 1814 καὶ
939 1769 1076 1834 σωφρο-

72 1842 181 1928 σύνην
197 1840 269 1911 ἀντ’
285 1847 406 1926 ἔρωτος
416 1844 471 1911 καὶ
482 1848 614 1930 μανίας,
638 1843 892 1930 ἀλλοςγεγονῷς
904 1852 1024 1933 λέληθε
1034 1843 1075 1913 τά

72 1942 219 2009 παιδικά.
243 1942 298 2009 καὶ
315 1938 332 2008 ὁ
351 1939 412 2027 μὲν
428 1939 531 2009 αῦτόν
546 1942 644 2029 χάριν
660 1940 792 2010 ἀπαιτεῖ
803 1952 872 2011 τῷν
882 1944 969 2031 τότε,
992 1942 1079 2011 ὑπο-

71 2038 270 2126 μιμνήσκων
280 2037 320 2106 τά
332 2041 522 2125 πραχθέντα
532 2041 587 2109 καὶ
598 2045 773 2129 λεχθέντα,
793 2037 837 2121 άς
847 2049 892 2128 τῷ
904 2039 993 2130 αὐτῷ
1006 2046 1080 2108 δια-

71 2135 267 2222 λεγόμενος·
285 2133 303 2204 ὁ
317 2141 353 2206 δὲ
364 2135 422 2204 ἀπ’
435 2139 591 2226 αἰσχύνης
603 2137 680 2206 οῦτε
691 2144 793 2207 εἰπεῖν
802 2147 907 2230 τολμῷ
917 2137 968 2209 ότι
980 2139 1080 2217 ἀλλος

71 2239 228 2324 γέγονεν,
253 2232 333 2302 οὔθ’
353 2234 442 2315 ὅπως
458 2237 498 2303 τά
510 2245 568 2323 τής
580 2242 739 2322 προτέρας
750 2235 894 2325 ἀνοήτου
908 2237 1008 2324 ἀρχῆς
1021 2235 1081 2324 ὁρ-

72 2333 225 2420 κωμόσιά
235 2359 270 2402 τε
281 2338 335 2402 καὶ
345 2331 806 2422 ῦποσχέσειςέμπεόάσειέχει,
818 2344 903 2404 νοῦν
913 2336 975 2423 ήδη
986 2341 1080 2423 ἑσχη-
1097 2355 1117 2404 Β

72 2430 142 2510 κάς
157 2433 213 2500 καὶ
230 2432 509 2520 σεσωφρουηκῷς,
530 2437 586 2500 ἵνα
602 2436 646 2521 μή
658 2434 813 2520 πράττων
822 2431 925 2501 ταῦτά
937 2442 984 2524 τῷ
995 2432 1081 2518 πρό-

74 2540 161 2598 σθεν
178 2529 291 2616 ῦμοιός
303 2556 337 2598 τε
350 2533 464 2618 ε’κείνῳ
476 2531 531 2598 καὶ
548 2527 677 2611 ὁαῦτός
692 2531 795 2600 πάλιν
805 2535 947 2618 γένηται.
971 2529 1081 2618 φυγάς
1113 2582 1120 2593 .

75 2626 117 2713 δή
134 2634 281 2714 γόγνεται
299 2631 336 2696 ἐκ
352 2628 498 2716 τοῦτον,
521 2630 575 2697 καὶ
592 2627 821 2717 ἀπεοτερηκιός
832 2626 891 2697 ὑπ’
903 2625 1080 2715 ἀνάγκηςὸ

73 2726 157 2808 πρὶν
167 2726 320 2812 ἐραστής,
337 2725 502 2812 ὀστράκου
512 2728 769 2814 μεταπεσόντος,
786 2733 869 2796 λεται
880 2735 972 2815 φυγή
983 2754 1083 2813 μετα-

72 2825 204 2912 βαλοόν·
217 2823 234 2892 ὁ
249 2826 285 2893 δὲ
297 2823 511 2912 ἀναγκάζεται
521 2827 653 2896 όιοόκειν
661 2825 858 2913 ἀγανακτῶν
867 2830 922 2895 καὶ
932 2825 1083 2894 ἐπιθειά-

72 2929 156 3007 ζωυ,
177 2919 350 3009 ήγνοηκάς
367 2925 403 2992 τό
421 2921 511 2994 ἅπαν
527 2929 560 3007 ἐξ
572 2925 690 3014 ἀρχῆς,
714 2925 765 2995 ότι
776 2924 838 2995 οῦκ
849 2925 916 3012 ἀρα
927 2923 1084 2994 ἕόειποτὲ

71 3024 193 3105 έροῖντι
214 3023 269 3088 καὶ
285 3018 346 3087 ὑπ’
366 3020 513 3110 ἀνάγκης
530 3022 660 3112 ἀνοήτῳ
677 3031 877 3109 χαριῒεσθαι,
902 3016 1082 3090 ἀλλάπολῦ
1102 3025 1121 3079 0

71 3125 201 3204 μᾶλλον
212 3115 256 3203 μή
269 3121 386 3201 ἐροῦντι
396 3123 451 3188 καλ
468 3130 554 3190 νοῦν
571 3128 693 3207 ἔχοντι·
717 3127 747 3189 εἰ
762 3121 797 3188 δὲ
815 3119 877 3207 μή,
899 3117 1082 3204 ἀναγκαῖον

71 3224 124 3301 ελη
135 3219 292 3283 ἐνδοῦναι
309 3213 413 3284 αῦτόν
431 3216 573 3309 ἀπίστῳ,
593 3218 762 3306 δυσκόλῳ,
782 3223 959 3308 φθονερῷ,
977 3214 1081 3303 ἀηθελ,
1141 3284 1164 3307 ,Ι

71 3318 228 3403 βλαβερῷ
238 3318 298 3400 μὲν
311 3311 395 3399 πρός
406 3313 540 3402 οὐσίαν,
564 3322 714 3405 βλαβερῷ
728 3316 763 3382 δὲ
775 3311 859 3400 πρὸς
870 3312 931 3401 τήν
942 3322 1004 3382 τοῦ
1013 3313 1082 3382 σά·
1159 3308 1177 3405 3}

71 3437 175 3500 ματος
193 3415 280 3498 έξιν,
306 3411 393 3481 πολὺ
410 3413 446 3480 δὲ
464 3412 704 3507 βλαβερωτάτῳ
721 3411 809 3502 πρὸς
823 3410 887 3500 τὴν
903 3422 969 3496 της
984 3419 1102 3489 mix&
1167 3408 1177 3449 '⁵
