<?xml version="1.0" encoding="UTF-8"?>
<!DOCTYPE html PUBLIC "-//W3C//DTD XHTML 1.0 Transitional//EN"
    "http://www.w3.org/TR/xhtml1/DTD/xhtml1-transitional.dtd">
<html xmlns="http://www.w3.org/1999/xhtml" xml:lang="en" lang="en">
 <head>
  <title>
</title>
<meta http-equiv="Content-Type" content="text/html;charset=utf-8" />
  <meta name='ocr-system' content='tesseract 3.04.00' />
  <meta name='ocr-capabilities' content='ocr_page ocr_carea ocr_par ocr_line ocrx_word'/>
</head>
<body>
  <div class='ocr_page' id='page_1' title='image "./dialogisecundum03platgoog_0172.png"; bbox 0 0 2422 3780; ppageno 0'>
   <div class='ocr_carea' id='block_1_1' title="bbox 466 92 1083 212">
    <p class='ocr_par' dir='ltr' id='par_1_1' title="bbox 466 92 1083 212">
     <span class='ocr_line' id='line_1_1' title="bbox 466 92 1083 212; baseline 0.015 -9"><span class='ocrx_word' id='word_1_1' title='bbox 466 92 717 204; x_wconf 52' lang='grc' dir='ltr'><em>σικυοί</em></span> <span class='ocrx_word' id='word_1_2' title='bbox 1020 147 1083 212; x_wconf 84' lang='lat'><em>135</em></span> 
     </span>
    </p>
   </div>
   <div class='ocr_carea' id='block_1_2' title="bbox 35 300 1180 3326">
    <p class='ocr_par' dir='ltr' id='par_1_2' title="bbox 72 300 1082 492">
     <span class='ocr_line' id='line_1_2' title="bbox 77 300 1081 397; baseline 0.004 -24"><span class='ocrx_word' id='word_1_3' title='bbox 77 305 193 391; x_wconf 88' lang='grc' dir='ltr'><em>λόγος,</em></span> <span class='ocrx_word' id='word_1_4' title='bbox 214 308 269 372; x_wconf 81' lang='grc' dir='ltr'><em>καὶ</em></span> <span class='ocrx_word' id='word_1_5' title='bbox 287 307 325 371; x_wconf 84' lang='grc' dir='ltr'><em>έν</em></span> <span class='ocrx_word' id='word_1_6' title='bbox 341 317 412 382; x_wconf 78' lang='grc' dir='ltr'><em>ταῖς</em></span> <span class='ocrx_word' id='word_1_7' title='bbox 427 300 563 390; x_wconf 81' lang='grc' dir='ltr'><em>ἡδοναλς</em></span> <span class='ocrx_word' id='word_1_8' title='bbox 578 317 649 382; x_wconf 74' lang='grc' dir='ltr'><em>ταῖς</em></span> <span class='ocrx_word' id='word_1_9' title='bbox 669 307 743 391; x_wconf 81' lang='grc' dir='ltr'><em>περὶ</em></span> <span class='ocrx_word' id='word_1_10' title='bbox 758 303 970 394; x_wconf 81' lang='grc' dir='ltr'><em>τόφροδίσια,</em></span> <span class='ocrx_word' id='word_1_11' title='bbox 995 314 1031 376; x_wconf 82' lang='grc' dir='ltr'><em>αἳ</em></span> <span class='ocrx_word' id='word_1_12' title='bbox 1041 309 1081 397; x_wconf 69' lang='grc' dir='ltr'><em>δὴ</em></span> 
     </span>
     <span class='ocr_line' id='line_1_3' title="bbox 72 399 1082 492; baseline 0.005 -23"><span class='ocrx_word' id='word_1_13' title='bbox 72 407 225 490; x_wconf 77' lang='grc' dir='ltr'><em>μέγισται</em></span> <span class='ocrx_word' id='word_1_14' title='bbox 237 407 396 469; x_wconf 86' lang='grc' dir='ltr'><em>δοκοῦσιν</em></span> <span class='ocrx_word' id='word_1_15' title='bbox 406 399 505 486; x_wconf 78' lang='grc' dir='ltr'><em>εἶναι,</em></span> <span class='ocrx_word' id='word_1_16' title='bbox 527 404 583 470; x_wconf 84' lang='grc' dir='ltr'><em>καὶ</em></span> <span class='ocrx_word' id='word_1_17' title='bbox 594 400 631 469; x_wconf 87' lang='grc' dir='ltr'><em>τό</em></span> <span class='ocrx_word' id='word_1_18' title='bbox 644 403 811 487; x_wconf 72' lang='grc' dir='ltr'><strong><em>ἐπιορκεῖν</em></strong></span> <span class='ocrx_word' id='word_1_19' title='bbox 821 405 1023 492; x_wconf 76' lang='grc' dir='ltr'><em>συγγνώμην</em></span> <span class='ocrx_word' id='word_1_20' title='bbox 1034 416 1082 474; x_wconf 80' lang='grc' dir='ltr'><em>εδ-</em></span> 
     </span>
    </p>

    <p class='ocr_par' dir='ltr' id='par_1_3' title="bbox 35 496 1121 864">
     <span class='ocr_line' id='line_1_4' title="bbox 35 496 1082 588; baseline 0 -18"><span class='ocrx_word' id='word_1_21' title='bbox 35 562 42 573; x_wconf 93' lang='lat'><em>.</em></span> <span class='ocrx_word' id='word_1_22' title='bbox 73 509 163 587; x_wconf 83' lang='grc' dir='ltr'><em>ληφε</em></span> <span class='ocrx_word' id='word_1_23' title='bbox 178 497 268 587; x_wconf 78' lang='grc' dir='ltr'><em>παρὰ</em></span> <span class='ocrx_word' id='word_1_24' title='bbox 278 507 388 583; x_wconf 73' lang='grc' dir='ltr'><em>θεῶν,</em></span> <span class='ocrx_word' id='word_1_25' title='bbox 413 496 457 578; x_wconf 78' lang='grc' dir='ltr'><em>ὡς</em></span> <span class='ocrx_word' id='word_1_26' title='bbox 467 499 621 587; x_wconf 76' lang='grc' dir='ltr'><em>καθάπερ</em></span> <span class='ocrx_word' id='word_1_27' title='bbox 633 506 761 569; x_wconf 90' lang='grc' dir='ltr'><em>παίδων</em></span> <span class='ocrx_word' id='word_1_28' title='bbox 772 509 842 570; x_wconf 72' lang='grc' dir='ltr'><em>τοῖν</em></span> <span class='ocrx_word' id='word_1_29' title='bbox 852 499 986 588; x_wconf 75' lang='grc' dir='ltr'><em>ἡδονῶν</em></span> <span class='ocrx_word' id='word_1_30' title='bbox 996 509 1082 570; x_wconf 89' lang='grc' dir='ltr'><em>νοῦν</em></span> 
     </span>
     <span class='ocr_line' id='line_1_5' title="bbox 74 596 1121 686; baseline 0.003 -18"><span class='ocrx_word' id='word_1_31' title='bbox 74 596 156 668; x_wconf 77' lang='grc' dir='ltr'><em>οῦδὲ</em></span> <span class='ocrx_word' id='word_1_32' title='bbox 177 597 238 666; x_wconf 89' lang='grc' dir='ltr'><em>τόν</em></span> <span class='ocrx_word' id='word_1_33' title='bbox 261 596 427 683; x_wconf 76' lang='grc' dir='ltr'><em>ὀλίγιστον</em></span> <span class='ocrx_word' id='word_1_34' title='bbox 448 600 674 684; x_wconf 81' lang='grc' dir='ltr'><em>κεκτημένων·</em></span> <span class='ocrx_word' id='word_1_35' title='bbox 705 606 787 679; x_wconf 91' lang='grc' dir='ltr'><em>νοῦς</em></span> <span class='ocrx_word' id='word_1_36' title='bbox 808 598 844 667; x_wconf 77' lang='grc' dir='ltr'><em>δὲ</em></span> <span class='ocrx_word' id='word_1_37' title='bbox 864 597 938 686; x_wconf 80' lang='grc' dir='ltr'><em>ἤτοι</em></span> <span class='ocrx_word' id='word_1_38' title='bbox 957 598 1121 672; x_wconf 81' lang='grc' dir='ltr'><em>ταότόνο</em></span> 
     </span>
     <span class='ocr_line' id='line_1_6' title="bbox 73 692 1082 784; baseline 0 -20"><span class='ocrx_word' id='word_1_39' title='bbox 73 699 131 765; x_wconf 82' lang='grc' dir='ltr'><em>καί</em></span> <span class='ocrx_word' id='word_1_40' title='bbox 151 693 293 782; x_wconf 79' lang='grc' dir='ltr'><em>ἄλήδειό</em></span> <span class='ocrx_word' id='word_1_41' title='bbox 315 698 403 763; x_wconf 80' lang='grc' dir='ltr'><em>ἐστιν</em></span> <span class='ocrx_word' id='word_1_42' title='bbox 424 692 593 782; x_wconf 77' lang='grc' dir='ltr'><em>ἢπόντων</em></span> <span class='ocrx_word' id='word_1_43' title='bbox 617 694 813 782; x_wconf 75' lang='grc' dir='ltr'><em>ὁμοιότατον</em></span> <span class='ocrx_word' id='word_1_44' title='bbox 833 701 939 765; x_wconf 79' lang='grc' dir='ltr'><em>τεκαὶ</em></span> <span class='ocrx_word' id='word_1_45' title='bbox 957 696 1082 784; x_wconf 74' lang='grc' dir='ltr'><em>ἀληθέ-</em></span> 
     </span>
     <span class='ocr_line' id='line_1_7' title="bbox 74 816 207 864; baseline -0.008 -1"><span class='ocrx_word' id='word_1_46' title='bbox 74 816 207 864; x_wconf 90' lang='grc' dir='ltr'><em>στατον.</em></span> 
     </span>
    </p>

    <p class='ocr_par' dir='ltr' id='par_1_4' title="bbox 72 888 1082 1175">
     <span class='ocr_line' id='line_1_8' title="bbox 158 888 1082 981; baseline -0.002 -20"><span class='ocrx_word' id='word_1_47' title='bbox 158 898 235 961; x_wconf 71' lang='grc' dir='ltr'><em>Σίλ.</em></span> <span class='ocrx_word' id='word_1_48' title='bbox 272 888 409 960; x_wconf 88' lang='grc' dir='ltr'><em>Οῦκοῦν</em></span> <span class='ocrx_word' id='word_1_49' title='bbox 423 890 461 958; x_wconf 88' lang='grc' dir='ltr'><em>τό</em></span> <span class='ocrx_word' id='word_1_50' title='bbox 479 890 559 978; x_wconf 78' lang='grc' dir='ltr'><em>μετὰ</em></span> <span class='ocrx_word' id='word_1_51' title='bbox 576 899 675 960; x_wconf 92' lang='grc' dir='ltr'><em>τοῦτο</em></span> <span class='ocrx_word' id='word_1_52' title='bbox 691 891 753 979; x_wconf 80' lang='grc' dir='ltr'><em>τὴν</em></span> <span class='ocrx_word' id='word_1_53' title='bbox 764 893 957 981; x_wconf 85' lang='grc' dir='ltr'><em>μετριότητα</em></span> <span class='ocrx_word' id='word_1_54' title='bbox 970 891 1082 961; x_wconf 81' lang='grc' dir='ltr'><em>όσαό-</em></span> 
     </span>
     <span class='ocr_line' id='line_1_9' title="bbox 72 985 1082 1079; baseline 0 -21"><span class='ocrx_word' id='word_1_55' title='bbox 72 1017 140 1070; x_wconf 92' lang='grc' dir='ltr'><em>τως</em></span> <span class='ocrx_word' id='word_1_56' title='bbox 156 993 291 1076; x_wconf 84' lang='grc' dir='ltr'><em>σκέψαι,</em></span> <span class='ocrx_word' id='word_1_57' title='bbox 313 989 457 1073; x_wconf 88' lang='grc' dir='ltr'><em>πότερον</em></span> <span class='ocrx_word' id='word_1_58' title='bbox 473 986 578 1076; x_wconf 74' lang='grc' dir='ltr'><em>ἡδονὴ</em></span> <span class='ocrx_word' id='word_1_59' title='bbox 590 991 786 1076; x_wconf 81' lang='grc' dir='ltr'><em>φρονήσεως</em></span> <span class='ocrx_word' id='word_1_60' title='bbox 796 985 817 1077; x_wconf 77' lang='grc' dir='ltr'><strong><em>ἦ</em></strong></span> <span class='ocrx_word' id='word_1_61' title='bbox 829 990 991 1079; x_wconf 79' lang='grc' dir='ltr'><em>φρόνησις</em></span> <span class='ocrx_word' id='word_1_62' title='bbox 1001 989 1082 1078; x_wconf 79' lang='grc' dir='ltr'><em>ἡδο-</em></span> 
     </span>
     <span class='ocr_line' id='line_1_10' title="bbox 72 1091 427 1175; baseline -0.008 -20"><span class='ocrx_word' id='word_1_63' title='bbox 72 1096 135 1175; x_wconf 73' lang='grc' dir='ltr'><em>γῆς</em></span> <span class='ocrx_word' id='word_1_64' title='bbox 146 1094 248 1155; x_wconf 89' lang='grc' dir='ltr'><em>πλείω</em></span> <span class='ocrx_word' id='word_1_65' title='bbox 259 1091 427 1172; x_wconf 74' lang='grc' dir='ltr'><em>κέκτηταις</em></span> 
     </span>
    </p>

    <p class='ocr_par' dir='ltr' id='par_1_5' title="bbox 71 1182 1082 1564">
     <span class='ocr_line' id='line_1_11' title="bbox 158 1182 1081 1274; baseline 0.002 -22"><span class='ocrx_word' id='word_1_66' title='bbox 158 1190 262 1252; x_wconf 71' lang='lat' dir='ltr'><em>Hm.</em></span> <span class='ocrx_word' id='word_1_67' title='bbox 294 1182 493 1252; x_wconf 88' lang='grc' dir='ltr'><em>Εόσκεπτόν</em></span> <span class='ocrx_word' id='word_1_68' title='bbox 508 1209 546 1268; x_wconf 90' lang='grc' dir='ltr'><em>γε</em></span> <span class='ocrx_word' id='word_1_69' title='bbox 564 1186 619 1252; x_wconf 80' lang='grc' dir='ltr'><em>καὶ</em></span> <span class='ocrx_word' id='word_1_70' title='bbox 631 1184 755 1271; x_wconf 85' lang='grc' dir='ltr'><em>ταύτην</em></span> <span class='ocrx_word' id='word_1_71' title='bbox 766 1188 884 1267; x_wconf 80' lang='grc' dir='ltr'><em>σκέψιν</em></span> <span class='ocrx_word' id='word_1_72' title='bbox 894 1189 1081 1274; x_wconf 82' lang='grc' dir='ltr'><em>προβέβλη-</em></span> 
     </span>
     <span class='ocr_line' id='line_1_12' title="bbox 71 1278 1082 1370; baseline 0.001 -20"><span class='ocrx_word' id='word_1_73' title='bbox 71 1308 145 1361; x_wconf 89' lang='grc' dir='ltr'><em>κας.</em></span> <span class='ocrx_word' id='word_1_74' title='bbox 168 1279 258 1368; x_wconf 78' lang='grc' dir='ltr'><em>οἶμαι</em></span> <span class='ocrx_word' id='word_1_75' title='bbox 267 1281 332 1368; x_wconf 80' lang='grc' dir='ltr'><em>γὰρ</em></span> <span class='ocrx_word' id='word_1_76' title='bbox 341 1278 467 1368; x_wconf 73' lang='grc' dir='ltr'><em>ἡδονῆς</em></span> <span class='ocrx_word' id='word_1_77' title='bbox 475 1283 538 1367; x_wconf 74' lang='grc' dir='ltr'><em>μὲν</em></span> <span class='ocrx_word' id='word_1_78' title='bbox 548 1285 603 1351; x_wconf 80' lang='grc' dir='ltr'><em>καὶ</em></span> <span class='ocrx_word' id='word_1_79' title='bbox 617 1290 823 1370; x_wconf 78' lang='grc' dir='ltr'><em>περιχαρείας</em></span> <span class='ocrx_word' id='word_1_80' title='bbox 834 1280 933 1353; x_wconf 77' lang='grc' dir='ltr'><em>οῦδὲν</em></span> <span class='ocrx_word' id='word_1_81' title='bbox 942 1291 1012 1351; x_wconf 83' lang='grc' dir='ltr'><em>τῦν</em></span> <span class='ocrx_word' id='word_1_82' title='bbox 1022 1283 1082 1352; x_wconf 88' lang='grc' dir='ltr'><em>όν-</em></span> 
     </span>
     <span class='ocr_line' id='line_1_13' title="bbox 71 1377 1082 1466; baseline 0.003 -19"><span class='ocrx_word' id='word_1_83' title='bbox 71 1405 144 1447; x_wconf 93' lang='grc' dir='ltr'><em>των</em></span> <span class='ocrx_word' id='word_1_84' title='bbox 153 1379 304 1466; x_wconf 81' lang='grc' dir='ltr'><em>πεφυκὸς</em></span> <span class='ocrx_word' id='word_1_85' title='bbox 315 1377 537 1465; x_wconf 76' lang='grc' dir='ltr'><em>ἀμετρότερον</em></span> <span class='ocrx_word' id='word_1_86' title='bbox 548 1377 659 1466; x_wconf 82' lang='grc' dir='ltr'><em>εὑρεῖν</em></span> <span class='ocrx_word' id='word_1_87' title='bbox 669 1378 713 1448; x_wconf 80' lang='grc' dir='ltr'><em>όν</em></span> <span class='ocrx_word' id='word_1_88' title='bbox 723 1406 814 1466; x_wconf 89' lang='grc' dir='ltr'><em>τινα,</em></span> <span class='ocrx_word' id='word_1_89' title='bbox 825 1389 889 1448; x_wconf 91' lang='grc' dir='ltr'><em>νοῦ</em></span> <span class='ocrx_word' id='word_1_90' title='bbox 896 1381 932 1449; x_wconf 72' lang='grc' dir='ltr'><em>δὲ</em></span> <span class='ocrx_word' id='word_1_91' title='bbox 944 1384 998 1450; x_wconf 77' lang='grc' dir='ltr'><em>καὶ</em></span> <span class='ocrx_word' id='word_1_92' title='bbox 1009 1386 1082 1450; x_wconf 77' lang='grc' dir='ltr'><em>ἐπι-</em></span> 
     </span>
     <span class='ocr_line' id='line_1_14' title="bbox 73 1472 741 1564; baseline -0.001 -19"><span class='ocrx_word' id='word_1_93' title='bbox 73 1477 201 1564; x_wconf 83' lang='grc' dir='ltr'><em>στήμης</em></span> <span class='ocrx_word' id='word_1_94' title='bbox 211 1477 449 1563; x_wconf 87' lang='grc' dir='ltr'><em>έμμετρότερον</em></span> <span class='ocrx_word' id='word_1_95' title='bbox 463 1475 536 1544; x_wconf 80' lang='grc' dir='ltr'><em>οὐδ’</em></span> <span class='ocrx_word' id='word_1_96' title='bbox 550 1472 594 1544; x_wconf 77' lang='grc' dir='ltr'><em>νίν</em></span> <span class='ocrx_word' id='word_1_97' title='bbox 606 1479 643 1545; x_wconf 77' lang='grc' dir='ltr'><em>ἓν</em></span> <span class='ocrx_word' id='word_1_98' title='bbox 654 1500 741 1545; x_wconf 91' lang='grc' dir='ltr'><em>ποτε.</em></span> 
     </span>
    </p>

    <p class='ocr_par' dir='ltr' id='par_1_6' title="bbox 72 1572 1119 1859">
     <span class='ocr_line' id='line_1_15' title="bbox 159 1572 1119 1662; baseline 0.001 -20"><span class='ocrx_word' id='word_1_99' title='bbox 159 1580 235 1643; x_wconf 71' lang='grc' dir='ltr'><em>Σίλ.</em></span> <span class='ocrx_word' id='word_1_100' title='bbox 267 1582 388 1655; x_wconf 73' lang='grc' dir='ltr'><em>Καλῶς</em></span> <span class='ocrx_word' id='word_1_101' title='bbox 404 1585 544 1662; x_wconf 76' lang='grc' dir='ltr'><em>εἴρηκας.</em></span> <span class='ocrx_word' id='word_1_102' title='bbox 578 1573 667 1661; x_wconf 83' lang='grc' dir='ltr'><em>ὅμως</em></span> <span class='ocrx_word' id='word_1_103' title='bbox 684 1572 716 1642; x_wconf 81' lang='grc' dir='ltr'><em>δ’</em></span> <span class='ocrx_word' id='word_1_104' title='bbox 734 1581 781 1643; x_wconf 80' lang='grc' dir='ltr'><em>ἔτι</em></span> <span class='ocrx_word' id='word_1_105' title='bbox 802 1579 875 1661; x_wconf 89' lang='grc' dir='ltr'><em>λέγε</em></span> <span class='ocrx_word' id='word_1_106' title='bbox 897 1574 934 1644; x_wconf 86' lang='grc' dir='ltr'><em>τό</em></span> <span class='ocrx_word' id='word_1_107' title='bbox 957 1582 1077 1660; x_wconf 90' lang='grc' dir='ltr'><em>τρίτον.</em></span> <span class='ocrx_word' id='word_1_108' title='bbox 1098 1603 1119 1651; x_wconf 73' lang='lat' dir='ltr'>E</span> 
     </span>
     <span class='ocr_line' id='line_1_16' title="bbox 72 1668 1079 1762; baseline 0.002 -22"><span class='ocrx_word' id='word_1_109' title='bbox 72 1680 159 1752; x_wconf 88' lang='grc' dir='ltr'><em>νοῦς</em></span> <span class='ocrx_word' id='word_1_110' title='bbox 173 1670 255 1759; x_wconf 75' lang='grc' dir='ltr'><em>ἡμῖν</em></span> <span class='ocrx_word' id='word_1_111' title='bbox 270 1674 415 1753; x_wconf 78' lang='grc' dir='ltr'><em>κάλλους</em></span> <span class='ocrx_word' id='word_1_112' title='bbox 431 1680 605 1760; x_wconf 84' lang='grc' dir='ltr'><em>μετείληφε</em></span> <span class='ocrx_word' id='word_1_113' title='bbox 615 1681 730 1741; x_wconf 84' lang='grc' dir='ltr'><em>πλείον</em></span> <span class='ocrx_word' id='word_1_114' title='bbox 739 1668 763 1761; x_wconf 78' lang='grc' dir='ltr'><em>ἢ</em></span> <span class='ocrx_word' id='word_1_115' title='bbox 772 1671 810 1741; x_wconf 87' lang='grc' dir='ltr'><em>τό</em></span> <span class='ocrx_word' id='word_1_116' title='bbox 821 1672 1011 1762; x_wconf 78' lang='grc' dir='ltr'><em>τῆςὴδονῆς</em></span> <span class='ocrx_word' id='word_1_117' title='bbox 1021 1677 1079 1759; x_wconf 86' lang='grc' dir='ltr'><em>γε’-</em></span> 
     </span>
     <span class='ocr_line' id='line_1_17' title="bbox 72 1768 983 1859; baseline 0.003 -21"><span class='ocrx_word' id='word_1_118' title='bbox 72 1796 151 1856; x_wconf 87' lang='grc' dir='ltr'><em>νος,</em></span> <span class='ocrx_word' id='word_1_119' title='bbox 164 1768 248 1840; x_wconf 75' lang='grc' dir='ltr'><em>ὥστε</em></span> <span class='ocrx_word' id='word_1_120' title='bbox 260 1769 344 1839; x_wconf 78' lang='grc' dir='ltr'><em>εἶναι</em></span> <span class='ocrx_word' id='word_1_121' title='bbox 355 1779 477 1839; x_wconf 81' lang='grc' dir='ltr'><em>καλλίω</em></span> <span class='ocrx_word' id='word_1_122' title='bbox 488 1779 573 1840; x_wconf 86' lang='grc' dir='ltr'><em>νοῦν</em></span> <span class='ocrx_word' id='word_1_123' title='bbox 583 1770 721 1859; x_wconf 80' lang='grc' dir='ltr'><em>ἡδονῆς,</em></span> <span class='ocrx_word' id='word_1_124' title='bbox 732 1768 755 1859; x_wconf 77' lang='grc' dir='ltr'><em>ἢ</em></span> <span class='ocrx_word' id='word_1_125' title='bbox 766 1770 966 1841; x_wconf 79' lang='grc' dir='ltr'><em>τούναντίον</em></span> <span class='ocrx_word' id='word_1_126' title='bbox 973 1803 983 1855; x_wconf 74' lang='lat'>5</span> 
     </span>
    </p>

    <p class='ocr_par' dir='ltr' id='par_1_7' title="bbox 70 1862 1081 2249">
     <span class='ocr_line' id='line_1_18' title="bbox 158 1862 1081 1959; baseline 0 -22"><span class='ocrx_word' id='word_1_127' title='bbox 158 1875 262 1937; x_wconf 75' lang='grc' dir='ltr'><strong><em>ΠΡΩ.</em></strong></span> <span class='ocrx_word' id='word_1_128' title='bbox 294 1862 362 1955; x_wconf 75' lang='grc' dir='ltr'><em>Ἆρ’</em></span> <span class='ocrx_word' id='word_1_129' title='bbox 382 1863 446 1937; x_wconf 84' lang='grc' dir='ltr'><em>οὖν</em></span> <span class='ocrx_word' id='word_1_130' title='bbox 457 1871 624 1957; x_wconf 81' lang='grc' dir='ltr'><em>φρόνησιν</em></span> <span class='ocrx_word' id='word_1_131' title='bbox 634 1871 696 1956; x_wconf 73' lang='grc' dir='ltr'><em>μὲν</em></span> <span class='ocrx_word' id='word_1_132' title='bbox 705 1874 760 1940; x_wconf 83' lang='grc' dir='ltr'><em>καὶ</em></span> <span class='ocrx_word' id='word_1_133' title='bbox 771 1879 873 1957; x_wconf 90' lang='grc' dir='ltr'><em>νοῦν,</em></span> <span class='ocrx_word' id='word_1_134' title='bbox 897 1864 926 1940; x_wconf 79' lang='grc' dir='ltr'><em>ό</em></span> <span class='ocrx_word' id='word_1_135' title='bbox 936 1872 1081 1959; x_wconf 76' lang='grc' dir='ltr'><em>Σωκρα-</em></span> 
     </span>
     <span class='ocr_line' id='line_1_19' title="bbox 71 1964 1078 2057; baseline 0.002 -22"><span class='ocrx_word' id='word_1_136' title='bbox 71 1993 142 2053; x_wconf 85' lang='grc' dir='ltr'><em>τες,</em></span> <span class='ocrx_word' id='word_1_137' title='bbox 165 1964 274 2045; x_wconf 77' lang='grc' dir='ltr'><em>οὐδεὶς</em></span> <span class='ocrx_word' id='word_1_138' title='bbox 292 1966 422 2034; x_wconf 75' lang='grc' dir='ltr'><em>πώποτε</em></span> <span class='ocrx_word' id='word_1_139' title='bbox 440 1965 521 2035; x_wconf 76' lang='grc' dir='ltr'><em>οὔθ’</em></span> <span class='ocrx_word' id='word_1_140' title='bbox 539 1967 629 2055; x_wconf 86' lang='grc' dir='ltr'><em>ῦπαρ</em></span> <span class='ocrx_word' id='word_1_141' title='bbox 648 1967 721 2037; x_wconf 79' lang='grc' dir='ltr'><em>οὔτ’</em></span> <span class='ocrx_word' id='word_1_142' title='bbox 744 1968 827 2055; x_wconf 84' lang='grc' dir='ltr'><em>ὄναρ</em></span> <span class='ocrx_word' id='word_1_143' title='bbox 845 1970 983 2057; x_wconf 82' lang='grc' dir='ltr'><em>αίσχρόν</em></span> <span class='ocrx_word' id='word_1_144' title='bbox 1001 1970 1078 2037; x_wconf 81' lang='grc' dir='ltr'><em>οὔτε</em></span> 
     </span>
     <span class='ocr_line' id='line_1_20' title="bbox 71 2062 1080 2154; baseline 0.001 -21"><span class='ocrx_word' id='word_1_145' title='bbox 71 2063 161 2133; x_wconf 76' lang='grc' dir='ltr'><em>εἶδεν</em></span> <span class='ocrx_word' id='word_1_146' title='bbox 177 2062 254 2131; x_wconf 74' lang='grc' dir='ltr'><em>οὔτε</em></span> <span class='ocrx_word' id='word_1_147' title='bbox 268 2065 450 2152; x_wconf 80' lang='grc' dir='ltr'><em>ἐπενόησεν</em></span> <span class='ocrx_word' id='word_1_148' title='bbox 464 2062 594 2153; x_wconf 77' lang='grc' dir='ltr'><em>οὐδαμῇ</em></span> <span class='ocrx_word' id='word_1_149' title='bbox 613 2064 766 2154; x_wconf 79' lang='grc' dir='ltr'><em>οὐδαμῶς</em></span> <span class='ocrx_word' id='word_1_150' title='bbox 783 2065 859 2135; x_wconf 82' lang='grc' dir='ltr'><em>οὔτε</em></span> <span class='ocrx_word' id='word_1_151' title='bbox 881 2067 1080 2154; x_wconf 89' lang='grc' dir='ltr'><em>γιγνόμενον</em></span> 
     </span>
     <span class='ocr_line' id='line_1_21' title="bbox 70 2161 514 2249; baseline -0.002 -16"><span class='ocrx_word' id='word_1_152' title='bbox 70 2161 514 2249; x_wconf 74' lang='grc' dir='ltr'><em>οὕτεόνταοότεέσόμενονς</em></span> 
     </span>
    </p>

    <p class='ocr_par' dir='ltr' id='par_1_8' title="bbox 159 2260 400 2349">
     <span class='ocr_line' id='line_1_22' title="bbox 159 2260 400 2349; baseline -0.008 -18"><span class='ocrx_word' id='word_1_153' title='bbox 159 2268 235 2331; x_wconf 69' lang='grc' dir='ltr'><em>Σίδ.</em></span> <span class='ocrx_word' id='word_1_154' title='bbox 264 2260 400 2349; x_wconf 76' lang='grc' dir='ltr'><em>Ὀρθῶς.</em></span> 
     </span>
    </p>

    <p class='ocr_par' dir='ltr' id='par_1_9' title="bbox 69 2357 1180 2939">
     <span class='ocr_line' id='line_1_23' title="bbox 156 2357 1080 2447; baseline 0.001 -19"><span class='ocrx_word' id='word_1_155' title='bbox 156 2367 258 2429; x_wconf 69' lang='lat' dir='ltr'><em>Hm.</em></span> <span class='ocrx_word' id='word_1_156' title='bbox 287 2357 427 2440; x_wconf 82' lang='grc' dir='ltr'><em>Ἡδονόις</em></span> <span class='ocrx_word' id='word_1_157' title='bbox 443 2364 620 2447; x_wconf 81' lang='grc' dir='ltr'><em>δίγέπου,</em></span> <span class='ocrx_word' id='word_1_158' title='bbox 643 2364 698 2430; x_wconf 80' lang='grc' dir='ltr'><em>καὶ</em></span> <span class='ocrx_word' id='word_1_159' title='bbox 708 2369 812 2429; x_wconf 89' lang='grc' dir='ltr'><em>ταῦτα</em></span> <span class='ocrx_word' id='word_1_160' title='bbox 823 2360 942 2447; x_wconf 82' lang='grc' dir='ltr'><em>σχεδὸν</em></span> <span class='ocrx_word' id='word_1_161' title='bbox 952 2359 1011 2439; x_wconf 76' lang='grc' dir='ltr'><em>τὰς</em></span> <span class='ocrx_word' id='word_1_162' title='bbox 1021 2387 1080 2447; x_wconf 84' lang='grc' dir='ltr'><em>με·</em></span> 
     </span>
     <span class='ocr_line' id='line_1_24' title="bbox 69 2454 1081 2546; baseline -0.001 -20"><span class='ocrx_word' id='word_1_163' title='bbox 69 2465 202 2545; x_wconf 90' lang='grc' dir='ltr'><em>γίστας,</em></span> <span class='ocrx_word' id='word_1_164' title='bbox 225 2455 307 2525; x_wconf 88' lang='grc' dir='ltr'><em>όταν</em></span> <span class='ocrx_word' id='word_1_165' title='bbox 323 2462 447 2544; x_wconf 86' lang='grc' dir='ltr'><em>ίδωμεν</em></span> <span class='ocrx_word' id='word_1_166' title='bbox 464 2455 629 2545; x_wconf 79' lang='grc' dir='ltr'><em>ἡδόμενον</em></span> <span class='ocrx_word' id='word_1_167' title='bbox 652 2457 825 2543; x_wconf 86' lang='grc' dir='ltr'><em>ὁντινοῦν,</em></span> <span class='ocrx_word' id='word_1_168' title='bbox 847 2454 869 2546; x_wconf 75' lang='grc' dir='ltr'><strong><em>ἦ</em></strong></span> <span class='ocrx_word' id='word_1_169' title='bbox 890 2459 928 2527; x_wconf 85' lang='grc' dir='ltr'><em>τό</em></span> <span class='ocrx_word' id='word_1_170' title='bbox 949 2466 1081 2545; x_wconf 85' lang='grc' dir='ltr'><em>γελοῖον</em></span> 
     </span>
     <span class='ocr_line' id='line_1_25' title="bbox 70 2551 1132 2644; baseline 0 -20"><span class='ocrx_word' id='word_1_171' title='bbox 70 2555 124 2624; x_wconf 79' lang='grc' dir='ltr'><em>ἐπ’</em></span> <span class='ocrx_word' id='word_1_172' title='bbox 145 2554 260 2636; x_wconf 79' lang='grc' dir='ltr'><em>αὐτοῖς</em></span> <span class='ocrx_word' id='word_1_173' title='bbox 274 2551 297 2643; x_wconf 79' lang='grc' dir='ltr'><em>ἢ</em></span> <span class='ocrx_word' id='word_1_174' title='bbox 312 2555 348 2624; x_wconf 84' lang='grc' dir='ltr'><em>τό</em></span> <span class='ocrx_word' id='word_1_175' title='bbox 362 2557 498 2625; x_wconf 83' lang='grc' dir='ltr'><em>πόντων</em></span> <span class='ocrx_word' id='word_1_176' title='bbox 508 2567 677 2643; x_wconf 73' lang='grc' dir='ltr'><em>αἴσχιστον</em></span> <span class='ocrx_word' id='word_1_177' title='bbox 689 2557 852 2642; x_wconf 83' lang='grc' dir='ltr'><em>ἑπόμενον</em></span> <span class='ocrx_word' id='word_1_178' title='bbox 863 2553 1006 2643; x_wconf 80' lang='grc' dir='ltr'><em>ὁρῶντες</em></span> <span class='ocrx_word' id='word_1_179' title='bbox 1017 2555 1080 2624; x_wconf 85' lang='grc' dir='ltr'><em>αὐ·</em></span> <span class='ocrx_word' id='word_1_180' title='bbox 1096 2589 1132 2644; x_wconf 74' lang='lat'><em>55</em></span> 
     </span>
     <span class='ocr_line' id='line_1_26' title="bbox 69 2653 1180 2742; baseline -0.002 -18"><span class='ocrx_word' id='word_1_181' title='bbox 69 2660 126 2724; x_wconf 91' lang='grc' dir='ltr'><em>τοί</em></span> <span class='ocrx_word' id='word_1_182' title='bbox 140 2679 175 2721; x_wconf 86' lang='grc' dir='ltr'><em>τε</em></span> <span class='ocrx_word' id='word_1_183' title='bbox 193 2654 420 2740; x_wconf 77' lang='grc' dir='ltr'><em>αίσγννόμεδα</em></span> <span class='ocrx_word' id='word_1_184' title='bbox 436 2657 491 2723; x_wconf 81' lang='grc' dir='ltr'><em>καὶ</em></span> <span class='ocrx_word' id='word_1_185' title='bbox 507 2653 721 2741; x_wconf 78' lang='grc' dir='ltr'><em>ἀφανίζοντες</em></span> <span class='ocrx_word' id='word_1_186' title='bbox 737 2655 929 2742; x_wconf 87' lang='grc' dir='ltr'><em>κρόπτομεν</em></span> <span class='ocrx_word' id='word_1_187' title='bbox 940 2653 961 2723; x_wconf 85' lang='grc' dir='ltr'><em>ό</em></span> <span class='ocrx_word' id='word_1_188' title='bbox 971 2682 1003 2724; x_wconf 90' lang='grc' dir='ltr'><em>τι</em></span> <span class='ocrx_word' id='word_1_189' title='bbox 1012 2655 1079 2741; x_wconf 84' lang='grc' dir='ltr'><em>μοί-</em></span> <span class='ocrx_word' id='word_1_190' title='bbox 1176 2677 1180 2685; x_wconf 83' lang='grc'>’</span> 
     </span>
     <span class='ocr_line' id='line_1_27' title="bbox 69 2749 1078 2839; baseline -0.001 -18"><span class='ocrx_word' id='word_1_191' title='bbox 69 2762 183 2835; x_wconf 88' lang='grc' dir='ltr'><em>λιστα,</em></span> <span class='ocrx_word' id='word_1_192' title='bbox 207 2752 303 2819; x_wconf 78' lang='grc' dir='ltr'><em>νυκτὶ</em></span> <span class='ocrx_word' id='word_1_193' title='bbox 313 2751 421 2820; x_wconf 79' lang='grc' dir='ltr'><em>πάντα</em></span> <span class='ocrx_word' id='word_1_194' title='bbox 432 2751 472 2820; x_wconf 80' lang='grc' dir='ltr'><em>τό</em></span> <span class='ocrx_word' id='word_1_195' title='bbox 483 2760 618 2820; x_wconf 89' lang='grc' dir='ltr'><em>τοιαῦτα</em></span> <span class='ocrx_word' id='word_1_196' title='bbox 629 2753 791 2838; x_wconf 88' lang='grc' dir='ltr'><em>διδόντες,</em></span> <span class='ocrx_word' id='word_1_197' title='bbox 810 2749 936 2839; x_wconf 77' lang='grc' dir='ltr'><em>ὦςφῦς</em></span> <span class='ocrx_word' id='word_1_198' title='bbox 947 2751 989 2821; x_wconf 88' lang='grc' dir='ltr'><em>οῦ</em></span> <span class='ocrx_word' id='word_1_199' title='bbox 1001 2756 1078 2821; x_wconf 84' lang='grc' dir='ltr'><em>δίον</em></span> 
     </span>
     <span class='ocr_line' id='line_1_28' title="bbox 69 2847 261 2939; baseline -0.016 -20"><span class='ocrx_word' id='word_1_200' title='bbox 69 2847 156 2939; x_wconf 81' lang='grc' dir='ltr'><em>ὁρᾷν</em></span> <span class='ocrx_word' id='word_1_201' title='bbox 166 2847 261 2918; x_wconf 86' lang='grc' dir='ltr'><em>αότό.</em></span> 
     </span>
    </p>

    <p class='ocr_par' dir='ltr' id='par_1_10' title="bbox 68 2941 1077 3326">
     <span class='ocr_line' id='line_1_29' title="bbox 156 2941 1077 3036; baseline -0.002 -21"><span class='ocrx_word' id='word_1_202' title='bbox 156 2953 232 3015; x_wconf 69' lang='grc' dir='ltr'><em>Σίδ.</em></span> <span class='ocrx_word' id='word_1_203' title='bbox 266 2948 383 3036; x_wconf 80' lang='grc' dir='ltr'><em>Πόντγγ</em></span> <span class='ocrx_word' id='word_1_204' title='bbox 395 2947 435 3034; x_wconf 79' lang='grc' dir='ltr'><em>δὴ</em></span> <span class='ocrx_word' id='word_1_205' title='bbox 449 2948 581 3035; x_wconf 84' lang='grc' dir='ltr'><em>φήσεις,</em></span> <span class='ocrx_word' id='word_1_206' title='bbox 597 2941 834 3036; x_wconf 80' lang='grc' dir='ltr'><em>εόΠρωταργε,</em></span> <span class='ocrx_word' id='word_1_207' title='bbox 851 2947 919 3017; x_wconf 82' lang='grc' dir='ltr'><em>ὑπό</em></span> <span class='ocrx_word' id='word_1_208' title='bbox 931 2974 966 3016; x_wconf 91' lang='grc' dir='ltr'><em>τε</em></span> <span class='ocrx_word' id='word_1_209' title='bbox 977 2946 1077 3032; x_wconf 78' lang='grc' dir='ltr'><em>ἄγγε’-</em></span> 
     </span>
     <span class='ocr_line' id='line_1_30' title="bbox 69 3042 1075 3134; baseline -0.005 -20"><span class='ocrx_word' id='word_1_210' title='bbox 69 3053 141 3114; x_wconf 90' lang='grc' dir='ltr'><em>λων</em></span> <span class='ocrx_word' id='word_1_211' title='bbox 157 3049 296 3131; x_wconf 83' lang='grc' dir='ltr'><em>πέμπων</em></span> <span class='ocrx_word' id='word_1_212' title='bbox 314 3049 369 3114; x_wconf 77' lang='grc' dir='ltr'><em>καί</em></span> <span class='ocrx_word' id='word_1_213' title='bbox 387 3055 532 3133; x_wconf 88' lang='grc' dir='ltr'><em>παροῦσι</em></span> <span class='ocrx_word' id='word_1_214' title='bbox 549 3047 696 3134; x_wconf 74' lang='grc' dir='ltr'><em>φράζων,</em></span> <span class='ocrx_word' id='word_1_215' title='bbox 720 3045 765 3126; x_wconf 74' lang='grc' dir='ltr'><em>ὥς</em></span> <span class='ocrx_word' id='word_1_216' title='bbox 779 3045 882 3133; x_wconf 76' lang='grc' dir='ltr'><em>ἡδονὴ</em></span> <span class='ocrx_word' id='word_1_217' title='bbox 896 3052 1001 3132; x_wconf 79' lang='grc' dir='ltr'><em>κτῆμα</em></span> <span class='ocrx_word' id='word_1_218' title='bbox 1014 3042 1075 3110; x_wconf 87' lang='grc' dir='ltr'><em>οῦκ</em></span> 
     </span>
     <span class='ocr_line' id='line_1_31' title="bbox 69 3136 1077 3230; baseline -0.003 -22"><span class='ocrx_word' id='word_1_219' title='bbox 69 3147 140 3210; x_wconf 80' lang='grc' dir='ltr'><em>ἔστι</em></span> <span class='ocrx_word' id='word_1_220' title='bbox 150 3148 286 3227; x_wconf 76' lang='grc' dir='ltr'><em>πρῶτον</em></span> <span class='ocrx_word' id='word_1_221' title='bbox 297 3139 372 3209; x_wconf 84' lang='grc' dir='ltr'><em>οὐδ’</em></span> <span class='ocrx_word' id='word_1_222' title='bbox 385 3136 429 3209; x_wconf 87' lang='grc' dir='ltr'><em>αό</em></span> <span class='ocrx_word' id='word_1_223' title='bbox 441 3142 614 3230; x_wconf 86' lang='grc' dir='ltr'><em>δεύτερον,</em></span> <span class='ocrx_word' id='word_1_224' title='bbox 637 3141 718 3212; x_wconf 78' lang='grc' dir='ltr'><em>ἄλλα</em></span> <span class='ocrx_word' id='word_1_225' title='bbox 730 3151 863 3229; x_wconf 78' lang='grc' dir='ltr'><em>πρῶτον</em></span> <span class='ocrx_word' id='word_1_226' title='bbox 873 3145 935 3228; x_wconf 83' lang='grc' dir='ltr'><em>μέν</em></span> <span class='ocrx_word' id='word_1_227' title='bbox 945 3165 991 3229; x_wconf 77' lang='grc' dir='ltr'><em>πρ</em></span> <span class='ocrx_word' id='word_1_228' title='bbox 1003 3143 1077 3225; x_wconf 84' lang='grc' dir='ltr'><em>περὶ</em></span> 
     </span>
     <span class='ocr_line' id='line_1_32' title="bbox 68 3233 1076 3326; baseline -0.002 -20"><span class='ocrx_word' id='word_1_229' title='bbox 68 3238 193 3326; x_wconf 88' lang='grc' dir='ltr'><em>μέτρον</em></span> <span class='ocrx_word' id='word_1_230' title='bbox 209 3239 264 3306; x_wconf 79' lang='grc' dir='ltr'><em>καὶ</em></span> <span class='ocrx_word' id='word_1_231' title='bbox 281 3237 318 3306; x_wconf 86' lang='grc' dir='ltr'><em>τό</em></span> <span class='ocrx_word' id='word_1_232' title='bbox 330 3243 464 3325; x_wconf 81' lang='grc' dir='ltr'><em>μέτριον</em></span> <span class='ocrx_word' id='word_1_233' title='bbox 476 3241 531 3306; x_wconf 82' lang='grc' dir='ltr'><em>καί</em></span> <span class='ocrx_word' id='word_1_234' title='bbox 541 3247 687 3323; x_wconf 86' lang='grc' dir='ltr'><em>καίριον,</em></span> <span class='ocrx_word' id='word_1_235' title='bbox 709 3242 764 3305; x_wconf 81' lang='grc' dir='ltr'><em>καλ</em></span> <span class='ocrx_word' id='word_1_236' title='bbox 776 3237 886 3305; x_wconf 81' lang='grc' dir='ltr'><em>πάντα</em></span> <span class='ocrx_word' id='word_1_237' title='bbox 896 3233 1004 3307; x_wconf 87' lang='grc' dir='ltr'><em>ὁπόσα</em></span> <span class='ocrx_word' id='word_1_238' title='bbox 1014 3233 1076 3324; x_wconf 67' lang='grc' dir='ltr'><em>χρὴ</em></span> 
     </span>
    </p>
   </div>
   <div class='ocr_carea' id='block_1_3' title="bbox 68 3334 862 3422">
    <p class='ocr_par' dir='ltr' id='par_1_11' title="bbox 68 3334 862 3422">
     <span class='ocr_line' id='line_1_33' title="bbox 68 3334 862 3422; baseline 0 -20"><span class='ocrx_word' id='word_1_239' title='bbox 68 3342 207 3403; x_wconf 88' lang='grc' dir='ltr'><em>τοιαῦτα</em></span> <span class='ocrx_word' id='word_1_240' title='bbox 218 3340 378 3422; x_wconf 67' lang='grc' dir='ltr'><em>νομιζειν,</em></span> <span class='ocrx_word' id='word_1_241' title='bbox 392 3334 455 3422; x_wconf 73' lang='grc' dir='ltr'><em>τὴν</em></span> <span class='ocrx_word' id='word_1_242' title='bbox 464 3334 574 3403; x_wconf 76' lang='grc' dir='ltr'><em>ἀίδιον</em></span> <span class='ocrx_word' id='word_1_243' title='bbox 585 3342 739 3421; x_wconf 76' lang='grc' dir='ltr'><em>εἰρῆσθαι</em></span> <span class='ocrx_word' id='word_1_244' title='bbox 749 3335 862 3422; x_wconf 84' lang='grc' dir='ltr'><em>φύσιν.</em></span> 
     </span>
    </p>
   </div>
   <div class='ocr_carea' id='block_1_4' title="bbox 0 0 1216 3780">
    <p class='ocr_par' dir='ltr' id='par_1_12' title="bbox 0 0 1216 3780">
     <span class='ocr_line' id='line_1_34' title="bbox 0 0 1216 3780; baseline 0 1"><span class='ocrx_word' id='word_1_245' title='bbox 0 0 1216 3780; x_wconf 95' lang='lat' dir='ltr'><em> </em></span> 
     </span>
    </p>
   </div>
  </div>
 </body>
</html>
