2408 3780
387 157 741 217 ΠΑΡΜΕΝΙΔΗΣ.
1048 157 1070 219 9

58 313 181 396 αὐτοῖς.
214 322 260 387 El
267 309 330 384 οὖν
341 344 387 402 τι,
405 321 487 403 ἔφη,
510 322 596 385 ἔοικε
607 325 655 407 τῷ
665 322 760 404 τίθει,
784 314 902 405 οἷόντε
913 325 1018 390 ἐκεῖνο
1031 320 1067 390 τό

59 413 148 495 eleos
169 413 213 502 μὴ
235 414 354 502 ὅμοιον
374 414 458 485 εἶναι
478 422 524 504 τῷ
546 421 750 502 εἰκασθέντι,
777 415 858 485 καθ’
876 417 958 487 ὅσον
978 418 1070 510 αὐτῷ

58 512 268 600 ἀφωμοιώθη
278 542 288 594 3
299 508 321 600 ἢ
331 519 399 582 ἔστι
407 541 455 593 τις
466 512 592 600 μηχανὴ
604 515 641 582 τό
654 512 771 602 ὅμοιον
781 514 825 601 μὴ
837 512 939 606 ὁμοίφ
952 516 1069 604 ὅμοιον

59 613 161 695 είυαι;
185 611 258 683 Οὐκ
276 617 351 680 ἔστι.
389 611 433 679 Τὸ
453 612 489 680 δὲ
507 611 624 698 ὅμοιον
639 621 684 699 τῷ
702 611 805 703 ὁμοίςο
823 605 878 695 ἆρ’
892 613 934 682 οὐ
943 616 1069 700 μεγάλη

58 708 188 798 άνάγκη
207 709 281 790 ἑνὸς
297 718 359 779 τοῦ
371 708 475 777 αὐτοῦ
486 715 594 791 είθους
605 717 764 799 μετέχειν;
781 710 933 798 Ἀνάγκη.
971 705 1023 781 Οά
1035 712 1066 781 θ’
1086 723 1107 772 Ε

58 805 102 876 άν
120 809 159 876 τά
177 807 273 894 ὅμοιοι
285 812 462 894 μετέχοντα
475 807 572 895 ὅμοια
583 803 622 896 ᾗ,
644 808 707 878 οὐκ
719 813 823 878 ἐκεῖνο
835 814 924 877 ἔσται
936 808 1016 878 αὐτὸ
1029 810 1066 878 τὸ

59 905 163 986 elom
184 907 382 975 Παντάπασι
399 907 461 994 μὲν
478 900 549 975 οὖν.
586 905 658 976 Οὐκ
675 907 740 992 άρα
757 902 830 976 οἷόν
846 909 883 975 τέ
892 915 977 997 τιτῷ
990 913 1069 977 είθει

57 1003 178 1091 ὅμοιον
190 1004 289 1090 εἶναι,
302 1003 380 1075 οὐδὲ
391 1004 428 1073 τὸ
441 1005 527 1084 εἶδος
538 1005 644 1096 ἄλλῳ·
667 1013 697 1075 εί
709 1007 745 1074 δὲ
755 1006 801 1092 μή
808 1056 818 1091 ,
830 1005 920 1090 παρά
930 1006 967 1075 τὸ
982 1005 1068 1085 ελθος

56 1103 108 1171 άελ
127 1103 209 1171 άλλο
226 1101 474 1190 ἀναφανήσεται
485 1103 586 1191 εἶδος,
609 1106 662 1173 καί
676 1100 719 1172 άν
730 1105 836 1173 ἐκεῖνό
846 1131 892 1195 τφ
904 1103 1023 1192 ὅμοιον
1034 1099 1066 1194 ᾗ,

56 1205 175 1286 ἕτερον
185 1195 230 1269 αὖ
236 1254 245 1288 ,
257 1205 311 1271 καὶ
323 1202 481 1272 οάίίποτε
492 1204 652 1272 παύσεται
664 1200 715 1272 ιἰελ
725 1200 843 1270 καινὸν
856 1201 942 1283 εἶδος
951 1205 1068 1290 γιγνό-
1086 1220 1138 1275 1³³

57 1326 181 1387 μενον,
201 1298 260 1368 ἐάν
270 1299 307 1369 τό
320 1300 406 1382 εἶδος
415 1311 462 1392 τῷ
473 1305 593 1371 ἑαυτοῦ
603 1305 769 1389 μετέχοντι
780 1300 898 1388 ὅμοιον
908 1308 1066 1389 γίγνηται.

53 1397 277 1484 Ἀληθέστατα
290 1404 402 1485 λε’γεις.
433 1399 505 1468 Οὐκ
516 1401 583 1484 ἄρα
596 1399 763 1486 ὁμοιότητι
774 1393 877 1468 τάλλα
887 1406 957 1468 τῶν
968 1406 1068 1470 etde-522

57 1497 318 1585 μεταλαμβάνει,
341 1497 426 1567 άλλά
442 1527 473 1566 τι
489 1498 571 1569 άλλο
590 1503 642 1566 det
655 1504 758 1584 ζητεῖν
776 1490 1065 1587 ᾦμεταλαμβάνει.

50 1597 190 1664 Ἔοικεν.
218 1593 314 1686 Ὁρᾷς
325 1590 405 1684 οὖν,
427 1598 549 1684 φάναι,
574 1590 803 1680 άΣώκροιτες,
827 1595 1066 1682 ὅσηὴάπορία,

56 1694 119 1763 ἐάν
137 1720 187 1773 τις
204 1698 274 1780 είδη
291 1693 372 1764 ὄντα
389 1694 474 1764 αὐτά
491 1695 573 1764 καθ’
585 1691 668 1762 αὑτά
681 1698 871 1778 διορίζηται;
893 1698 959 1762 Καί
970 1697 1066 1781 μάλα.

57 1787 111 1862 Εὖ
121 1801 240 1861 τοίνυν
252 1804 341 1879 ίσθι,
365 1795 486 1882 φάναι,
510 1795 562 1864 ὅτι
573 1790 705 1875 άςέπος
716 1797 819 1859 εἰπεῖν
830 1790 960 1861 οὐδέπω
972 1792 1067 1862 άπτει

57 1889 163 1979 αὐτῆς
175 1891 237 1979 ὅση
248 1891 368 1980 ἕστίνὴ
382 1892 519 1979 άπορία,
543 1899 574 1961 εί
584 1896 622 1959 ἓν
631 1888 717 1968 εἶδος
731 1892 870 1958 ἕκαστον
881 1899 948 1960 τῶν
958 1891 1066 1961 ὄντων
1085 1904 1108 1955 B

58 1987 113 2059 άεί
123 2017 154 2059 τι
166 1989 406 2078 ἀφοριζόμενος
415 1991 540 2080 θήσεις.
568 1993 646 2069 Πῶς
656 1989 713 2076 θή;
732 1994 843 2058 είπεῑν.
877 1989 991 2059 Πολλά
1006 1992 1067 2077 μὲν

56 2093 112 2159 καὶ
125 2089 221 2176 ἄλλα,
233 2091 347 2177 φάναι,
359 2092 513 2178 μέγιστον
524 2091 560 2160 δὲ
571 2090 656 2159 τόδε.
677 2098 709 2157 εί
716 2114 765 2167 τις
775 2094 857 2176 φαίη
869 2089 951 2175 μηθλ
960 2112 1066 2175 προσ-

56 2190 154 2275 ήκειν
174 2187 257 2258 αὐτά
274 2189 522 2275 γιγνώσκεσθαι
540 2188 622 2258 ὅντα
637 2195 774 2256 τοιαῦτα
793 2181 848 2256 οίά
866 2213 979 2276 φαμεν
996 2192 1065 2258 δεῖν

57 2286 144 2356 εἶναι
161 2289 202 2355 τά
221 2293 309 2375 είόη,
333 2295 380 2379 τῷ
398 2296 502 2357 ταῦτα
514 2292 644 2374 λέγοντι
654 2284 716 2354 οὐκ
728 2281 772 2353 άν
783 2291 849 2371 ἔχοι
859 2314 908 2367 τις
919 2290 1066 2369 ἐνδείξα-

57 2396 141 2454 σθαι
151 2384 203 2454 ὅτι
214 2387 387 2474 ψεύδεται,
405 2392 436 2457 εί
444 2385 489 2476 μὴ
500 2394 635 2456 πολλῶν
645 2376 738 2470 τύχοι
749 2388 902 2469 ἔμπειρος
913 2380 990 2452 άνὸ
1003 2383 1064 2473 άμ-

56 2493 232 2572 φισβητοθν
249 2487 306 2554 καὶ
322 2484 366 2572 μὴ
378 2483 504 2574 άφυής,
526 2487 637 2554 ἐθέλοι
647 2483 683 2551 δὲ
694 2483 784 2550 πάνυ
795 2482 901 2553 πολλά
913 2485 968 2552 καὶ
981 2485 1066 2569 πάρ-

56 2595 174 2670 ροοθεν
203 2588 520 2672 πραγματευομένου
545 2591 607 2653 τοῦ
634 2585 889 2669 ἐνδεικνυμένου
916 2584 1067 2671 ἕπεσθαι,

55 2681 130 2753 ἄλλ’
143 2683 309 2764 άπίθανος
321 2694 370 2771 είη
384 2682 401 2752 ὁ
413 2682 567 2770 άγνωστοι
578 2681 773 2768 άναγκάζων
785 2679 869 2750 αὐτά
881 2680 974 2750 εἶναι.
1010 2684 1066 2771 Hy}
1084 2699 1105 2751 G

55 2783 113 2868 (λη’,
128 2774 156 2850 ά
165 2787 376 2869 Παρμενίδης
399 2784 504 2869 φάναι
514 2779 575 2850 τὸν
585 2782 756 2868 Σωκράτη.
784 2780 871 2866 Ὅτι,
885 2774 911 2848 ά
921 2781 1067 2868 Σάκρα-

56 2908 120 2964 τες,
134 2880 226 2968 οἶμαι
236 2876 281 2949 άν
291 2883 347 2950 καλ
357 2883 394 2949 σὲ
407 2882 462 2949 καὶ
474 2879 578 2948 ἄλλον
585 2930 594 2964 ,
606 2879 696 2960 ὅστις
707 2879 813 2966 αὐτην
822 2907 896 2948 τινα
907 2877 991 2948 καθ’
1003 2876 1066 2946 αὑ-

16 2974 19 2979 ’
54 2979 118 3065 τὴν
127 2977 403 3065 ἑκάστου-οὐσίαν
411 2984 539 3047 τίθεται
553 2977 651 3064 εἶναι,
664 2976 867 3065 ὁμολογῆσαι
878 2979 921 3045 άν
931 2985 1065 3064 πρῶτον

55 3080 116 3164 μὲν
126 3083 292 3166 μηδεμίαν
302 3077 415 3147 αὐτῶν
425 3076 509 3147 εἶναι
520 3080 556 3145 ἐν
566 3076 654 3165 ἡμῖν.
676 3076 828 3164 Πολςγάρ
840 3072 977 3161 άναάτὴ
988 3074 1063 3142 καθ’

54 3174 165 3263 αὑτὴν
177 3182 224 3245 ἔτι
235 3186 303 3263 είη;
315 3176 420 3264 φάναι
430 3173 490 3244 τὸν
500 3177 674 3263 Σωκράτη.
696 3183 816 3254 Καλοῖς
826 3177 939 3258 λέγεις,
951 3179 1064 3241 εἰπεῖν.

55 3273 184 3343 οὐκοῦν
200 3278 253 3344 καλ
274 3273 350 3344 ὅσαι
366 3283 435 3344 τῶν
449 3280 548 3344 ίθεῶν
564 3273 648 3358 πρὸς
665 3273 809 3359 ἀλλήλας
824 3277 908 3341 είσλν
925 3275 1065 3357 οίίείσιν,

55 3370 152 3441 αὐταὶ
169 3373 252 3456 πρὸς
267 3371 370 3454 αὑτὰς
385 3373 447 3459 την
463 3371 583 3443 οὐσίαν
599 3379 748 3459 ἔχουσιν,
772 3369 846 3449 ἀλλ’
865 3369 907 3439 οὐ
924 3369 1007 3455 πρὸς
1024 3370 1065 3439 τά
1084 3392 1105 3442 n
1178 3406 1184 3439 ·:

1176 3376 1184 3407 ,λ
