2408 3780
397 175 753 236 ΠΑΡΜΕΝΙΔΗΣ.
1043 176 1085 240 33

77 341 113 405 τό
127 338 183 423 έν,
207 341 372 420 νεωτέρου
388 330 432 402 ἀν
448 336 649 422 γιγνομένου
661 336 782 404 ἑαυτοῦ
794 337 1021 423 πρεσβύτερον
1032 344 1083 424 χί-

75 460 203 522 γνοιτο;
218 432 369 521 Ἀνάγιιῃ
402 439 556 520 Γίγνεται
569 432 630 520 μέν
641 429 681 521 δὴ
700 430 866 519 νεώτερόν
881 460 916 502 τε
932 435 986 503 καὶ
1002 461 1084 520 πρε-

75 533 239 620 σβύτερον
257 528 362 600 αὑτοῦ
377 530 491 610 οὕτως.
523 538 600 600 Ναί.
626 530 764 600 ’Ἐστιδὲ
782 533 1010 620 πρεσβύτερον
1027 527 1082 619 ἀρ’

75 629 135 718 ούχ
146 628 229 699 ὅταν
238 627 322 698 κατὰ
332 629 394 699 τὸν
404 637 470 698 νῦν
480 630 604 716 χρόνον
615 622 638 716 ἦ
648 629 867 715 γιγνόμενον,
889 627 948 696 τὸν
960 630 1082 716 μεταξύ

74 735 135 796 τού
152 721 195 815 ἦν
212 754 248 795 τε
264 729 320 796 καὶ
336 731 444 810 ἐσται;
466 725 508 795 ού
525 726 590 812 γάρ
609 752 675 794 πον
686 725 916 813 πορευόμενόν
926 752 964 812 γε
976 730 1011 796 ἐκ
1022 738 1082 796 τοῦ

73 829 152 895 ποτε
164 832 210 904 εἰς
221 823 258 892 τὸ
272 829 382 892 ἔπειτα
394 822 617 911 ὑπερβήσεται
627 821 664 891 τύ
678 833 751 892 νῦν.
775 822 827 892 Ού
837 824 910 910 γάρ.
937 817 1005 910 Ἆρ’
1019 819 1081 893 οὖν

73 922 136 992 ούιι
147 925 271 1008 ἐπίσχει
281 923 354 991 τότε
365 932 427 992 τοῦ
438 929 614 1009 γίγνεσθαι
624 922 866 1010 πρεσβύτερον,
888 921 1024 992 ἐπειδὰν
1036 930 1120 1012 τῷρ

73 1029 137 1088 νῦν
155 1021 292 1109 ἐντύχῃ,
315 1023 371 1090 καὶ
388 1019 430 1089 ού
447 1026 595 1107 γίγνεται
606 1017 682 1088 ἀλλ’
695 1025 763 1088 ἔστι
775 1017 845 1089 τότ’
857 1019 921 1107 ἤδη
933 1023 1081 1108 πρεσβύ-

72 1116 187 1203 τερον;
199 1117 321 1205 προϊὸν
331 1117 395 1205 γὰρ
408 1116 471 1186 ούκ
483 1118 527 1186 ἀν
537 1143 616 1186 ποτε
627 1125 772 1205 ληφθείη
786 1116 853 1186 ύπό
864 1127 926 1186 τού
935 1127 1009 1187 νύν.
1043 1117 1079 1189 τὸ

71 1214 136 1303 χάρ
148 1214 269 1303 προϊὸν
280 1214 387 1296 οὕτως
398 1222 462 1304 ἔχει
473 1215 516 1297 ὡς
528 1214 727 1304 ἀμφοτέρων
737 1216 961 1304 ἐφάπτεσθαι,
973 1227 1033 1286 τού
1045 1245 1080 1287 τε

71 1321 136 1380 νύν
146 1315 203 1381 καὶ
213 1320 275 1381 τοῦ
285 1317 410 1401 ἔπειτα,
422 1322 483 1382 τοῦ
494 1317 555 1400 μέν
565 1323 632 1382 νύν
643 1313 840 1401 ἀφιέμενον,
852 1313 955 1383 τοῦδ’
970 1322 1080 1384 ἔπειτα

71 1411 394 1499 ἐπιλαμβανόμενον,
406 1412 527 1501 μεταξύ
539 1410 737 1499 ἀμφοτέρων
747 1411 962 1500 μιγνύμενον,
974 1423 1035 1483 τοῦ
1045 1441 1080 1482 τε

71 1514 182 1578 ἔπειτα
198 1511 254 1578 παὶ
264 1518 326 1577 τού
336 1519 410 1578 νῦν.
437 1508 572 1598 Ἀληθῆ.
606 1515 650 1579 Εἰ
659 1511 697 1578 δέ
705 1536 743 1596 γε
757 1509 885 1598 ἀνάγκη
899 1512 943 1599 μὴ
956 1524 1078 1598 παρελ·

71 1616 149 1677 θεῖν
165 1608 204 1677 τὸ
221 1614 287 1676 νῦν
304 1616 372 1676 πᾶν
387 1609 425 1676 το“
443 1606 658 1694 γιγνόμενον,
681 1605 817 1676 ἐπειδὰν
835 1607 918 1676 ιιατά
934 1617 1033 1679 τούτο
1044 1603 1077 1698 ᾗ,

70 1709 193 1791 ἐπίσχει
210 1703 261 1774 ἀεὶ
270 1713 332 1772 τοῦ
342 1713 518 1793 γίγνεσθαι
528 1706 583 1774 καὶ
594 1711 662 1774 ἐστι
672 1705 746 1773 τότε
758 1714 855 1773 τούτο
868 1703 888 1772 ὅ
898 1732 929 1773 τι
939 1703 983 1773 ἀν
994 1707 1076 1796 τύχῃ
1094 1733 1115 1782 1)

70 1803 281 1889 γιγνόμενον.
303 1810 468 1872 Φαίνεται.
491 1805 557 1872 Καὶ
567 1801 604 1871 τὸ
618 1806 656 1871 ἓν
666 1801 748 1889 ἀρα,
760 1801 842 1871 ὅταν
852 1803 1078 1890 πρεσβύτερον

68 1900 271 1986 μιγνύμενον
282 1899 399 1990 ἐντύχῃ
410 1908 456 1991 τῷ
470 1909 550 1987 νύν,
563 1904 676 1987 ἐπέσχε
686 1909 749 1968 τοῦ
759 1908 934 1987 γίγνεσθαι
944 1905 998 1970 καὶ
1010 1907 1077 1970 ἐστι

68 1999 143 2066 τότε
160 1999 395 2087 πρεσβύτερον.
426 1999 526 2067 Πάνν
542 1999 604 2085 μὲν
621 1991 693 2068 οὖν.
728 1997 866 2067 Ούποῦν
885 1992 989 2083 οὗπερ
1011 2002 1075 2084 έχί-

68 2119 165 2183 γνετο
183 2097 427 2185 πρεσβύτερον,
449 2097 572 2164 τούτου
589 2099 644 2165 καὶ
660 2102 764 2165 ἔστιν·
787 2098 932 2182 ἐγίγνετο
957 2096 992 2165 δέ
1014 2095 1077 2164 αύ-

66 2200 146 2276 τού;
172 2201 250 2266 Ναί.
283 2194 373 2263 ’Ἐστι
384 2193 420 2262 δὲ
429 2192 467 2264 τὰ
480 2196 707 2283 πρεσβύτερον
718 2197 882 2279 νεωτέρου
894 2195 1076 2281 πρεσβύτε-

66 2319 146 2378 ρον;
161 2291 284 2361 Ἔστιν.
316 2295 381 2361 Καὶ
402 2291 567 2379 νεώτερον
588 2292 654 2377 ἀρα
675 2293 749 2361 τότε
767 2290 872 2358 αὑτοῦ
888 2293 955 2358 ἐστὶ
971 2289 1007 2358 τὸ
1026 2293 1074 2369 ἓν,

65 2388 150 2459 ὅταν
169 2391 397 2479 πρεσβύτερον
413 2392 613 2479 γιγνόμενον
630 2390 750 2478 ἐντύχῃ
760 2397 807 2478 τῷ
817 2394 891 2455 νῦν.
923 2385 1072 2473 Ἀνάγκη.

68 2487 117 2558 Τύ
132 2515 172 2576 γε
188 2488 256 2576 μὴν
272 2499 337 2557 νύν
353 2487 403 2557 ἀεὶ
419 2489 558 2575 πάρεστι
577 2497 624 2578 τῷ
641 2489 689 2556 ἑνὶ
701 2486 754 2556 διὰ
766 2482 891 2564 παντὸς
903 2491 963 2551 τοῦ
975 2485 1074 2552 εἶναι·
1091 2510 1111 2558 E

65 2592 135 2654 ἐστι
145 2585 210 2673 χάρ
224 2584 274 2655 ἀεὶ
285 2595 350 2655 νύν
361 2585 505 2670 ὅτανπερ
517 2580 547 2674 ᾖ.
577 2593 656 2666 Πῶς
666 2582 730 2671 γὰρ
744 2583 802 2666 ού;
812 2582 874 2652 Ἀεὶ
885 2582 949 2668 ἀρα
961 2586 1033 2652 ἐστι’
1039 2610 1074 2651 τε

65 2685 121 2753 καὶ
142 2693 290 2772 γίγνεται
310 2683 538 2771 πρεσβύτερον
559 2687 680 2753 ἑαυτοῦ
704 2686 760 2752 παὶ
782 2683 945 2768 νεώτερον
966 2681 1002 2750 τὸ
1026 2686 1071 2751 ἓν.

58 2779 198 2850 Ἔοικεν.
230 2788 339 2850 Πλείω
357 2781 393 2850 δὲ
409 2782 533 2868 χρόνον
553 2780 634 2849 αύτὸ
652 2784 774 2851 ἑαυτοῦ
784 2776 1072 2867 ἔστινῆνίγνεται,

63 2875 85 2966 ἢ
103 2877 165 2948 τάν
181 2889 272 2960 loom
297 2877 366 2948 Τὸν
377 2889 460 2948 ἴσον.
489 2877 586 2949 Ἀλλά
603 2879 669 2968 μὴν
686 2881 745 2949 τόν
764 2905 801 2965 χε
820 2889 895 2948 ἴσον
911 2879 1035 2966 χρόνον
1052 2874 1073 2963 ἢ

64 2973 298 3066 μιγνύμενονῆ
309 2973 350 3048 ἀν
360 2977 423 3066 τὴν
433 2975 538 3065 αὐτὴν
549 2976 682 3066 ἡλικίαν
693 2984 766 3064 ἔχει.
798 2976 920 3057 Πῶςδ’
939 2975 997 3056 οὔχ
1026 2976 1070 3041 Τὸ
1127 2971 1131 2977 ’

64 3073 100 3142 δέ
115 3073 179 3162 τὴν
196 3072 302 3162 αὐτὴν
318 3075 450 3162 ἡλικίαν
467 3081 543 3162 ἔχον
559 3075 635 3144 οὔτε
653 3074 881 3162 πρεσβύτερον
892 3072 969 3140 ούτε
988 3073 1072 3140 νεύ-

61 3171 163 3254 τερόν
178 3176 276 3239 ἐστιν.
312 3170 364 3240 Ού
380 3173 453 3258 γάρ.
490 3171 536 3241 Τὸ
555 3176 593 3241 ἓν
609 3174 676 3259 ἀρα
692 3171 752 3240 τὸν
769 3181 843 3239 ἴσον
855 3169 978 3256 χρόνον
990 3165 1071 3236 αύτό
1153 3204 1166 3219 ·-

64 3268 169 3358 ἑαυτῷ
179 3271 235 3336 καὶ
245 3269 445 3356 γιγνόμενον
456 3271 510 3339 καὶ
522 3266 562 3340 ὅν
574 3271 652 3339 ούτε
663 3269 827 3353 νεώτερον
836 3266 913 3337 οὔτε
924 3267 1069 3355 πρεσβύ-
1160 3292 1166 3311 ¹

62 3391 160 3453 τερον
178 3367 302 3434 ἑαυτοῦ
318 3370 406 3436 ἐστὶν
423 3367 502 3438 οὐδὲ
512 3377 667 3457 γίγνεται.
699 3365 752 3437 Ού
764 3392 820 3455 μοι
830 3371 929 3436 δοκεῖ.
967 3373 1009 3433 Τί
1018 3370 1073 3441 δές

151 3462 246 3518 Ρπιτο
260 3462 292 3517 11.
907 3466 931 3520 Q
