2408 3780
16 39 28 131 λ

396 163 749 223 ΠΑΡΜΕΝΙΔΗΣ.
1056 158 1076 221 7

69 324 208 397 Οὐκοῦν
224 325 298 412 ἤτοι
308 322 390 393 ὅλου
406 330 467 391 τοῦ
484 326 594 400 εἴδους
609 316 766 408 ἢμέρους
776 323 916 391 ἕκαστον
926 319 962 394 τὸ
976 347 1076 408 μετα-

65 423 240 512 λαμβάνον
259 419 517 511 μεταλαμβάνεις
538 415 562 505 ὅ
579 417 660 505 άλλη
677 447 725 499 τις
736 415 780 487 άν
790 421 969 509 μετάληψις
978 426 1075 507 χωρίς

66 523 199 592 τούτων
208 523 354 609 γένοιτος
376 521 443 589 Καὶ
452 525 523 598 πῶς
534 516 592 599 άνς
615 517 715 587 εἶπεν.
749 521 900 604 Πότερον
910 512 974 587 οὖν
986 526 1078 587 δοκεῖ

65 644 121 691 σοι
138 621 220 690 ὅλου
236 620 273 689 τὸ
294 618 380 698 εἶδος
396 620 434 686 έν
452 616 578 704 λκάστφ
595 615 765 685 εἶναιτῶν
782 620 963 685 πολλῶνὲν
974 616 1030 703 ὅν,
1052 612 1075 703 ἢ

64 728 151 801 πώςς
175 727 218 788 Τί
225 717 290 807 γάρ
303 716 441 801 κωλύει,
453 715 558 801 φάναι
569 713 630 783 τὸν
640 715 821 802 Σωκράτη,
835 706 1074 801 άΠαρμενίδη,

65 825 205 900 ένεῖναις
217 814 278 885 Ἕν
298 816 362 899 ἄρα
384 810 426 882 ὅν
446 816 501 882 καὶ
521 811 645 882 ταύτὸν
661 819 699 882 έν
715 823 847 894 πολλοῖς
864 812 962 900 χωρὶς
979 805 1077 881 οὖσιν
1094 824 1113 873 Β

65 914 148 984 ὅλον
169 914 237 1002 άμα
258 918 400 996 ἐνέσται,
423 914 477 982 καὶ
495 909 601 992 οὕτως
618 911 699 981 αάτὸ
717 911 823 981 αὑτοῦ
839 915 937 998 χωρίς
953 907 997 980 άν
1015 922 1075 999 εἴη.

67 1013 142 1084 Οὐκ
155 1013 215 1099 άν,
233 1022 328 1099 είγε,
351 1010 471 1098 φάναι,
494 1005 596 1098 ολονὴ
607 1010 713 1099 ἡμέρα
727 1017 784 1097 μία
795 1008 881 1097 καὶὴ
894 1008 977 1097 αὐτὴ
989 1002 1075 1079 οὖσα

66 1119 237 1199 πολλαχοῦ
254 1111 322 1199 άμα
333 1112 400 1179 ἐστὶ
412 1112 466 1178 καί
478 1107 578 1178 οὐδέν
590 1137 621 1178 τι
632 1118 758 1196 μάλλον
770 1108 853 1197 αι’πὴ
866 1108 967 1197 αὑτῆς
977 1116 1076 1197 χωρίς

66 1216 172 1297 ἐστιν,
196 1217 226 1279 εί
247 1210 335 1279 οὕτω
355 1211 410 1279 καί
429 1211 653 1278 ἕκαστοντῶν
671 1212 770 1276 είὸολν
781 1211 819 1275 ἓν
836 1212 873 1276 έν
888 1215 991 1276 πᾶσιν
1007 1206 1076 1295 άμα

65 1308 261 1395 ταάτὸνείη.
290 1306 413 1388 Ἡδέως
428 1334 483 1394 γε,
505 1308 626 1394 φάναι,
650 1300 881 1392 άΣάκρατες,
905 1305 1077 1376 ἓνταάτόν

65 1407 135 1495 άμα
152 1413 319 1493 πολλαχοῦ
329 1421 449 1491 ποιεῖς,
470 1401 543 1476 οἷον
553 1412 584 1475 εί
592 1411 683 1497 ίστίφ
697 1406 922 1486 καταπετάσας
932 1405 1076 1487 πολλοὺς

66 1505 272 1590 ἀνθρώπους
289 1512 389 1592 φαίης
400 1509 439 1573 ἓν
451 1509 502 1574 έπλ
512 1515 646 1586 πολλοῖς
657 1505 741 1575 εἶναι
753 1504 847 1574 ὅλον·
869 1500 892 1592 ἢ
903 1504 946 1573 οὐ
955 1507 992 1573 τὰ
1005 1532 1076 1574 τοι-

66 1611 170 1672 οὕτον
180 1599 255 1689 ἡγεῖ
263 1603 385 1688 λέγειν;
395 1601 507 1689 Ἴσως,
520 1605 633 1689 φάναι.
663 1598 706 1672 Ἦ
714 1598 778 1672 οὖν
789 1604 870 1673 ὅλον
881 1601 935 1689 ἐφ’
948 1603 1074 1695 ἑκάστῳ
1094 1616 1114 1668 c

65 1701 103 1770 τό
122 1705 230 1770 ἱστίον
246 1710 296 1788 είη
313 1699 373 1786 άν,
395 1696 418 1787 ἢ
433 1704 532 1790 μέρος
550 1701 655 1771 αὐτοῦ
667 1703 747 1771 άλλο
758 1700 809 1772 ἐπ’
824 1702 930 1792 ἄλλοις
951 1705 1075 1789 Μέρος.

66 1797 220 1885 Μεριοτά
238 1798 320 1886 άρα,
343 1800 464 1886 φάναι,
489 1792 720 1888 άΣῶκρατες,
743 1808 832 1870 ἐστιν
848 1797 932 1869 αὐτὰ
942 1798 982 1868 τά
994 1806 1074 1887 εἴδη,

66 1905 120 1968 καὶ
138 1898 178 1968 τά
190 1903 365 1986 μετέχοντα
377 1898 490 1969 αὐτῶν
500 1904 622 1987 μέρους
633 1896 677 1968 άν
686 1905 827 1988 μετέχοι,
850 1901 905 1969 καί
916 1898 1026 1968 οὐκέτι
1039 1903 1076 1968 ἐν

66 1999 193 2088 ἑκάστφ
206 1996 303 2086 ὅλον,
316 1998 399 2069 άλλά
411 2003 509 2087 μέρος
520 2001 661 2069 ἑκάστου
674 1996 718 2068 άν
729 2009 788 2087 είη.
820 2006 976 2068 Φαίνεται
988 1997 1075 2068 οὕτω

65 2125 113 2184 γε.
143 2091 185 2165 Ἦ
200 2091 265 2166 οὖν
280 2099 466 2186 ἐθελήσεις,
489 2092 515 2166 ά
537 2101 730 2184 Σώκρατες,
754 2099 859 2185 φάναι
877 2097 914 2167 τὸ
935 2103 972 2167 ἓν
992 2097 1076 2178 εἶδος

67 2195 146 2283 ἡμῖν
162 2205 203 2285 τῇ
220 2195 361 2287 άληθεία
373 2203 578 2285 μεριῖεοθαι·
598 2201 652 2266 καλ
664 2205 710 2266 έιι
723 2202 760 2265 ἓν
771 2203 878 2279 έσταις
901 2196 1075 2285 Οὐδαμῶς,

68 2302 181 2365 εἰπεῖν.
204 2294 287 2381 Ὅρα
302 2296 384 2381 γάρ,
408 2297 527 2382 φάναι·
552 2303 582 2365 εί
592 2296 673 2365 αὐτὰ
687 2294 724 2365 τὸ
736 2299 879 2382 μέγεθος
889 2309 1010 2383 μεριεῖς
1021 2298 1073 2363 καὶ

67 2397 208 2465 ἕκαστον
222 2404 292 2464 τῶν
310 2403 443 2465 πολλῶν
464 2396 617 2482 μεγάλων
641 2399 804 2481 μεγέθους
825 2397 916 2481 μέρει
937 2406 1112 2479 σμικρο·ῠ

65 2496 149 2583 τέρφ
171 2492 278 2561 αὐτοῦ
298 2502 361 2561 τοῦ
381 2497 546 2581 μεγέθους
562 2497 645 2580 μέγα
662 2499 767 2579 ἔσται,
790 2485 856 2577 άρα
874 2489 936 2559 οὐκ
954 2489 1077 2575 άλογου

67 2606 235 2678 φανείται;
257 2592 357 2660 Πάνυ
367 2590 413 2680 μ’,
435 2598 507 2680 ἔφη.
542 2600 584 2662 Τί
592 2598 630 2661 δέ
635 2622 645 2676 3
667 2599 728 2661 τοῦ
739 2600 815 2659 ίσου
826 2594 926 2678 μέρος
937 2591 1078 2658 ἕκαστον

66 2689 209 2779 σμικρὸν
225 2689 398 2779 άπολαβόν
414 2720 446 2760 τι
456 2694 519 2773 ἕξει
531 2686 560 2784 ᾦ
569 2693 718 2761 ἐλάττονι
730 2691 802 2760 ὅντι
813 2688 990 2758 αὐτοῦτοῦ
1001 2698 1078 2758 ίσου

65 2788 322 2878 τὸέχονλσοντφ
331 2794 435 2870 ἔσταις
447 2787 638 2860 Ἀδύνατον.
655 2789 819 2859 Ἀλλάτοῦ
828 2798 971 2878 σμικροῦ
980 2789 1078 2874 μέρος

64 2916 115 2968 τις
130 2886 228 2975 ἡμῶν
244 2891 323 2969 ἕξει·
345 2889 468 2958 τούτου
486 2889 522 2959 δὲ
538 2891 644 2957 αὐτοῦ
662 2887 698 2956 τὸ
711 2888 853 2975 σμικρὸν
865 2893 975 2975 μεῖζον
987 2894 1077 2955 ἔσται

66 2986 123 3055 άτε
140 2991 263 3074 μέρους
279 2989 401 3056 ἑαυτοῦ
418 2987 530 3075 ὄντος,
551 2990 607 3056 καὶ
623 2986 712 3056 οὕτω
728 2986 769 3076 δὴ
787 2986 868 3056 αὐτὸ
886 2985 923 3055 τὸ
935 2982 1077 3072 σμικρὸν

66 3091 177 3171 μεῖζον
188 3090 294 3154 ἕσται·
315 3078 344 3176 φ’
355 3085 386 3153 θ’
399 3082 443 3155 άν
453 3094 625 3174 προστεθῇ
634 3085 672 3154 τὸ
685 3084 880 3172 ἀφαιρεθέν,
891 3092 990 3151 τοῦτο
1002 3101 1078 3168 σμι-

66 3186 227 3274 κρότερον
245 3190 335 3253 ἔσται
354 3182 428 3253 ἀλλ’
447 3183 489 3252 οὐ
505 3193 614 3272 μεῖζον
632 3181 654 3270 ἢ
671 3192 759 3269 πρίν.
793 3182 866 3251 Οὐκ
881 3179 1076 3269 άνφένοιτο,
1096 3201 1116 3251 Ε

67 3285 188 3370 φάναι,
200 3282 357 3370 ταῦτάγε.
396 3283 468 3352 Τίν’
481 3277 545 3351 οὖν
556 3286 697 3370 τρόπον,
715 3289 837 3367 εἰπεῖν,
850 3275 877 3350 ά
888 3282 1077 3368 Σώκρατες,

67 3390 133 3448 τῶν
144 3386 245 3450 είθοίν
255 3403 309 3449 σοι
318 3382 360 3449 τά
371 3379 454 3451 άλλα
466 3384 703 3470 μεταλήψεται,
715 3383 797 3471 μήτε
809 3381 891 3451 κατὰ
904 3386 986 3471 μέρη
997 3381 1076 3468 μήτε
