2408 3780
132 156 194 220 τοι
488 156 778 217 ΠΛΑΤωΝοΣ
1084 116 1116 216 ἐ

131 315 205 386 ἄλλ’
218 313 361 404 ἀτεχνῶς
371 311 467 385 οἴοιτ’
481 310 524 383 δίν
535 314 713 402 άκηκοίιαι
728 322 827 386 τοῦτο
840 313 860 386 δ
877 316 981 386 πάλαι
990 316 1116 401 άραέτε

130 415 248 502 θόμει,
271 411 453 483 συνελθόν
469 415 525 482 καὶ
537 416 709 495 συντακεὶς
718 423 764 506 τῷ
776 418 933 507 ἐρωμίνρι
945 419 982 486 ἐκ
993 421 1080 485 δυεῖν
1088 406 1116 483 εδ

130 517 296 598 γενέσθαι.
319 521 418 582 τοῦτο
432 512 497 599 γάρ
518 515 586 580 ἐστι
602 511 639 580 τό
657 523 780 602 αίτιον,
803 512 893 602 δτιὴ
911 515 1031 604 άρχαία
1040 514 1116 601 φόσι

129 609 226 698 ἡμῶν
240 603 284 699 ἦν
302 610 385 696 αὕτη
405 612 460 679 καὶ
477 602 562 697 ἦμεν
579 608 665 679 ὅλοι·
689 621 750 682 τοῦ
760 613 843 683 ὅλου
854 607 970 704 οὖντῇ
982 618 1116 700 ἐπιθυρί

64 731 114 789 193
129 712 184 779 καί
205 709 313 791 διώξει
336 713 419 797 ἔρως
440 707 555 795 ὄνομα.
578 713 634 778 καὶ
654 710 719 796 πρό
740 721 819 800 τοῦ,
844 711 958 800 ῶσπερ
980 712 1116 800 λε’γω,ἓ

129 802 229 897 ἦμεν·
241 811 319 876 νυνὶ
331 807 367 877 δὲ
378 806 431 876 διά
443 806 506 895 τὴν
515 806 647 877 ἀδικίαν
658 813 886 899 διῳκίσθημεν
895 800 962 880 δπδ
972 820 1035 881 τοῦ
1044 817 1116 880 θεο1Ι

131 908 286 994 καθάπερ
300 905 457 993 Ἀρκάδες
477 905 540 975 ὑπό
552 912 833 995 Λακεδαιμονίων.
847 909 955 998 φόβος
965 904 1030 980 οὖν
1040 917 1116 980 ἔστιν

131 1004 192 1073 ἐὰν
207 1005 252 1092 μὴ
270 1005 401 1090 κόσμιοι
417 998 507 1090 ῶμεν
520 1005 604 1092 πρὸς
617 1006 697 1086 τοὺς
712 1009 832 1094 θεούς,
854 1007 944 1088 ὅπως
955 1008 1001 1097 μὴ
1014 996 1116 1077 καὶαδ

131 1114 188 1183 θις
206 1104 528 1190 διασχισθησόμεθα,
552 1107 606 1174 καὶ
622 1115 772 1193 περίιμεν
789 1113 917 1194 ἔχοντες
935 1107 1047 1194 ῶσπερ
1057 1111 1089 1175 οί
1098 1104 1116 1182 ,ἒ

131 1218 200 1284 ταῖς
209 1205 340 1290 στήλαις
348 1201 431 1271 κατὰ
442 1203 577 1289 γραφὴν
585 1207 855 1294 ἐκτετυπωμένοι,
869 1209 1116 1293 διαπεπρισμέν(

131 1301 214 1372 κατὰ
233 1303 291 1381 τάς
312 1305 421 1392 ῥίνας,
442 1303 616 1388 γεγονότες
634 1303 744 1392 ῶσπερ
762 1313 883 1374 λίσπαι.
908 1304 992 1376 άλλὰ
1011 1306 1116 1375 τοότω

131 1405 230 1473 ἕνεκα
241 1397 339 1470 πάντ’
354 1400 461 1488 άνδρα
472 1399 533 1487 χρὴ
546 1399 676 1470 άπαντα
693 1405 983 1490 παρακελεύεσθαι
994 1404 1116 1492 εὐσεβεῖ

93 1527 113 1578 Β
132 1507 206 1588 περί
216 1503 336 1588 θεούς,
353 1506 408 1570 ἵνα
420 1500 460 1569 τά
471 1501 533 1587 μὲν
544 1502 760 1590 ἐκφόγωμεν,
779 1510 848 1571 τῶν
860 1504 896 1572 δέ
906 1505 1074 1592 τύχωμεν,
1091 1492 1116 1571 ῶ

131 1601 269 1689 ὁἝρως
291 1598 372 1688 ἡμῖν
390 1598 523 1688 ἡγεμῶν
545 1602 601 1670 καὶ
623 1602 812 1689 στρατηγός.
836 1593 993 1693 ᾦμηδεὶς
1010 1608 1116 1673 ἐναντί

132 1705 314 1785 πραττέτω·
328 1701 462 1784 πράττει
474 1697 506 1767 δ’
524 1703 672 1786 ἐναντία,
697 1699 786 1779 ὅστις
798 1710 891 1780 θεοίς
903 1700 1116 1787 ἀπεχθάνεται

132 1807 223 1886 φίλοι
241 1799 305 1886 γάρ
322 1799 498 1885 γενόμενοι
513 1803 569 1868 καὶ
580 1804 808 1886 διαλλαγέντες
824 1807 870 1888 τῶ
881 1809 953 1892 θεῷ
965 1801 1116 1888 ἐξευρήσω

133 1899 196 1985 μίν
205 1924 241 1965 τε
252 1898 306 1966 καὶ
317 1897 540 1983 ἐντευξόμεθα
558 1913 625 1978 τοῖς
637 1904 801 1979 παιδικοῖς
811 1913 879 1978 τοῖς
896 1896 1067 1987 ἡμετέροις
1078 1896 1116 1966 αδ

132 2005 216 2084 τῶν,
229 1995 248 2065 δ
259 2005 326 2065 τῶν
337 2005 403 2065 νῦν
413 1995 518 2081 ὀλίγοι
529 2005 670 2065 ποιοῦσι.
689 1999 743 2067 καὶ
760 1999 806 2084 μή
818 2025 875 2085 μοι
885 1996 1040 2087 ὑπολάβῃ
1049 1996 1116 2088 Ἐρι

133 2099 266 2182 ξίμαχος
275 2101 448 2186 κωμῳδῶν
457 2095 516 2164 τόν
526 2097 639 2182 λόγον,
650 2093 692 2176 ῶς
699 2104 897 2166 Παυσανίαν
904 2097 959 2165 καὶ
966 2095 1116 2182 ’Λγάθων

97 2217 115 2268 c
132 2197 232 2280 λέγω·
256 2205 335 2274 ίσως
351 2195 413 2280 μὲν
426 2193 491 2281 γάρ
506 2198 559 2264 καὶ
573 2187 666 2264 οὗτοι
676 2196 805 2264 τούτων
816 2195 1040 2283 τυγχάνουσαι
1050 2196 1116 2266 ὄντι

133 2295 188 2363 καὶ
211 2297 294 2363 είσλν
314 2290 497 2379 ἀμφότεροι
518 2291 582 2380 τὴν
604 2295 708 2381 φύσιν
731 2295 884 2381 ἄρρενες·
912 2299 998 2381 λέγω
1020 2297 1057 2366 δὲ
1079 2289 1116 2365 οδ

133 2401 237 2480 ἔγωγε
247 2390 329 2463 καθ’
343 2390 501 2461 ἁπάντων
510 2398 565 2462 καλ
575 2391 709 2479 ἀνδρῶν
718 2397 773 2462 καί
781 2402 962 2481 γυναικῶν,
976 2393 1028 2462 ότι
1037 2393 1116 2464 οῶτα

132 2491 177 2559 άν
186 2490 281 2578 ἡμῶν
297 2493 334 2560 τό
353 2496 450 2575 γένος
461 2489 622 2579 εὔδαιμον
631 2498 777 2581 γεύοιτο,
800 2500 830 2562 εί
843 2496 1072 2580 ἐκτελέσωμεν
1084 2494 1116 2564 τό

133 2596 240 2672 ἐρωτα
252 2592 384 2656 καὶτῶν
396 2594 560 2659 παιδικῶν
570 2599 640 2660 τῶν
650 2590 756 2660 αὑτοῦ
767 2593 902 2671 ἕκαστος
918 2593 1011 2678 τύχοι
1023 2601 1070 2673 είς
1082 2593 1116 2682 τι]

132 2686 270 2773 ἀρχαίαν
281 2686 443 2756 άπελθῶν
456 2689 568 2774 φάσιν.
588 2697 619 2759 εί
628 2691 664 2760 δὲ
674 2699 772 2759 τοῦτο
785 2692 939 2776 άριστον,
958 2691 1116 2779 άναγκαῐι

131 2789 186 2855 καὶ
197 2794 266 2856 τῶν
274 2788 339 2854 νῦν
350 2788 528 2875 παρόντων
536 2790 573 2858 τό
584 2790 706 2859 τούτου
717 2793 885 2878 ἐγγυτάτω
896 2790 1033 2876 άριστον
1044 2791 1115 2860 είνα

131 2893 229 2955 τοῦτο
249 2883 281 2952 δ’
300 2887 367 2952 ἐστὶ
385 2891 549 2954 παιδικῶν
566 2902 676 2973 τυχεῖν
694 2887 778 2957 κατά
792 2898 877 2957 νοῦν
888 2888 980 2980 αὐτῷ
991 2915 1116 2976 πεφυκ(

90 3014 111 3064 1)
131 3010 216 3056 των·
235 2977 279 3055 οδ
289 2982 330 3073 δὴ
342 2985 402 3054 τόν
412 2995 519 3055 αίτιον
531 2985 617 3056 θεόν
627 2986 812 3073 ὑμνοῦντες
824 2995 957 3070 δικαίως
968 2987 1012 3058 άν
1024 2989 1114 3077 δμνο

132 3113 194 3174 μεν
207 3085 349 3172 Ἔρωτα,
373 3082 409 3166 δς
426 3090 463 3155 ἐν
474 3095 522 3176 τῷ
539 3088 680 3173 παρόντι
694 3083 779 3174 ἡμᾶς
789 3096 924 3156 πλείστα
935 3087 1116 3176 όνίυησινε

132 3186 169 3255 τὸ
182 3192 305 3256 οέκείον
316 3185 424 3274 άγων,
448 3190 503 3257 καὶ
515 3194 561 3268 είς
570 3185 608 3256 τδ
621 3192 731 3255 ἔπειτα
742 3192 875 3269 ἐλπίδας
889 3195 1043 3276 μεγίστας
1055 3215 1116 3275 παρ

132 3289 252 3372 ε’χεται,
270 3283 366 3373 ἡμῶν
383 3290 618 3375 παρεχομένων
629 3286 712 3377 πρὸς
728 3286 831 3368 θεοὺς
842 3286 1030 3378 εὐσέβειαν,
1041 3318 1116 3360 κατι

133 3384 255 3470 στήσας
271 3383 357 3471 ἡμᾶς
369 3392 415 3467 είς
430 3386 492 3475 τήν
504 3385 645 3476 ἀρχαίαν
656 3388 763 3476 φάσιν
779 3391 836 3459 καὶ
847 3389 1025 3476 ἰασάμενος
1035 3417 1116 3476 μακε
