2408 3780
41 244 44 253 ¹
103 176 131 233 ιι
413 175 735 236 ενωποειοκ.
1016 178 1076 242 167

75 328 79 399 s
99 324 163 399 ι’λλα
176 332 254 419 φημὶ
271 331 439 402 νεούτατον
456 328 559 401 αὐτὸν
578 332 662 402 εἶναι
677 341 770 402 θεων
786 338 841 405 καλ
857 336 958 405 ἀεί’
919 365 1013 425 νεον,
1036 338 1075 407 τά
1096 347 1115 399 C

99 424 243 497 λίσαλαιά
261 428 698 518 ιιράγματαπερλθεούς,
676 459 697 498 α
711 429 860 513 Ἠσίοδος
874 437 1076 524 καλΠαρμε-

98 524 355 614 νίληςλλγονσιν,’
351 526 489 615 Ανάγκη
500 525 606 595 καὶ’
566 553 628 595 ονκ
632 527 749 613 Ἐρωτι
757 534 940 619 γεγονέναι,
954 539 984 601 ελ
991 537 1075 601 ἐκεῖ·

97 644 137 689 νοι
149 620 250 711 ἀληθῆ
267 628 397 709 ἔλεγον
419 621 460 692 ού
478 621 542 709 γάρ
560 619 747 711 άνέκτομαλ
758 625 836 694 ούιλὲ
848 631 961 714 δεσμοὶ
973 628 1075 716 άλλη·

96 724 320 843 λωνλγίγνοντο
330 724 386 791 καλ
397 720 480 790 άλλα
491 720 597 791 πολλὰ
609 725 663 791 καλ
673 731 781 811 βίαια,
804 732 834 793 ελ
842 726 945 811 Ἐρως
962 730 1000 795 ἐν
1012 728 1074 795 αύ-

95 830 146 897 τοῖς
157 844 212 905 ην,
233 817 319 889 ἄλλά
336 826 428 907 φιλία
439 822 495 889 καλ
505 822 576 906 ερ’λ
505 846 635 908 ερηνη,
649 819 759 909 ωσπερ
770 849 852 910 νυν,
876 816 962 905 55'
920 850 961 892 ov
969 824 1075 911 ’Ἐρως

95 920 146 981 ιύν
157 924 245 985 θεων
262 918 439 1006 βασιλεύει.
472 922 546 998 νέος
557 912 672 1004 μὲν
630 945 693 987 ουν
704 924 788 1004 ἐστί,
811 920 894 1008 πρὸς
905 921 940 991 ez
952 931 998 1013 τῷ
1009 925 1072 1013 νεήι

93 1006 209 1096 ἁπαλός·
230 1013 419 1101 ποιητοῦῦ’
438 1020 527 1084 ἔστιν
543 1017 658 1105 ἐνδεὴς
675 1010 780 1098 ολος
759 1045 802 1105 ην
809 1016 966 1106 Ὅμηρος,
990 1021 1072 1107 πρὸς
1091 1033 1113 1083 Ι)

58 1144 61 1149 ·
92 1106 272 1192 ιολπιιλειξαι
282 1119 368 1180 θεον
379 1109 574 1200 απαλοτητα
599 1113 742 1202 Ομηρος
753 1142 816 1202 γαρ
826 1119 927 1204 ’Ἀτην
943 1119 1028 1187 θεον
1038 1144 1072 1186 τε

93 1228 173 1292 φησιν
187 1210 271 1279 εἶναι
282 1214 337 1280 καλ
348 1207 495 1298 ἁπαλήν·
515 1210 593 1291 τούς
603 1222 689 1296 γοῦν
701 1212 855 1293 πύθας’
814 1223 914 1301 αυτῆς
925 1213 1073 1294 ἁπαλούς

93 1300 171 1391 ιλνιιι,
182 1309 289 1393 λέγων

218 1432 278 1493 της
287 1405 387 1494 μενθ
400 1404 520 1478 απαλολ
531 1409 644 1487 πούες
669 1435 710 1476 ον
720 1437 784 1496 γαρ
796 1410 848 1478 ἐκ
863 1411 979 1489 ούιλεος

138 1509 294 1589 πίλναται,
306 1502 410 1572 ἀλλ”
389 1503 484 1593 αραῆ
497 1532 535 1591 γε
546 1533 607 1574 κατ
606 1504 761 1593 ’ἀνδρῶν
774 1509 900 1594 κράατα
911 1516 1027 1596 βαίνει.

91 1594 210 1686 mags
169 1627 231 1669 ουν
242 1605 337 1670 δοκεῖ
343 1627 400 1688 μοι
409 1603 620 1694 τεκμηρίω
584 1631 645 1691 την
656 1603 881 1691 ἁπαλότητα’
862 1613 1070 1692 αποφαίνιιν,

90 1689 129 1762 ὅτι
140 1697 197 1768 ούιι
213 1701 267 1769 ἐπὶ
277 1708 424 1789 σκληροῦ
433 1709 493 1789 flat
491 1728 551 1788 νει,
565 1700 640 1771 ἀλλ’
653 1705 704 1770 ἐπὶ
715 1711 899 1789 μαλθακοῦ.
923 1711 970 1793 τςῦ
980 1700 1071 1791 αύτῷ
1088 1708 1108 1757 Ε

54 1882 59 1887 ¹
89 1791 215 1877 ύύιολ
196 1812 289 1885 ημιλς
304 1798 504 1886 χρησαίμεθα
520 1806 682 1920 τεκμηρίῳ
701 1800 799 1884 περὶ”
796 1799 943 1887 Ερωτα“
923 1826 974 1869 οτι
985 1797 1071 1867 άπα-

90 1890 139 1971 λίς.
167 1893 209 1963 ού
223 1895 288 1982 γάρ
306 1899 356 1964 ἐπὶ
373 1905 434 1983 γῆς
444 1903 551 1985 βαίνει
563 1894 636 1964 οὐδ’
650 1900 702 1964 ἐπὶ
713 1905 875 1984 κρανίων,
897 1927 918 1965 α
904 1894 1068 1967 ”’λστιν
1030 1924 1071 1965 ον

55 2024 59 2045 =
89 2012 160 2059 ιανν
169 1994 318 2081 μαλακά,
340 1991 415 2063 άλλ’
434 1999 471 2064 ἐν
482 2008 549 2074 τοῖς
559 1995 804 2080 μαλακωτάτοις
817 2023 884 2065 των
895 2022 1005 2064 οντων
1016 1999 1070 2063 καὶ

87 2094 175 2175 μαίνει
194 2095 299 2161 καλλ
261 2116 283 2210 μ
285 2098 355 2161 λ.ιιελ
388 2097 426 2161 ἐν
441 2092 505 2179 γάρ
524 2091 624 2180 ἤθεσι
639 2097 694 2162 καὶ
712 2097 997 2215 μυχαλςθεωνκαλ
1009 2093 1072 2161 άν-

85 2186 269 2271 θρύιιων
233 2216 295 2275 την
312 2199 443 2276 οἴκησιν
453 2195 600 2310 ἵθρμται,
623 2189 728 2260 καλ’
689 2218 751 2260 ονκ
764 2220 808 2259 αν
795 2186 892 2280 ἑξῆς
902 2198 939 2261 ἐν
950 2192 1069 2272 πάσαις

50 2288 53 2295 '
83 2299 139 2367 ιαλς
155 2302 287 2376 ψυχαῖς,
311 2287 385 2358 ἄλλ’
404 2316 490 2377 ητινι
501 2318 545 2357 αν
555 2290 701 2376 σκληρον
712 2284 833 2377 ηθος
807 2292 928 2379 εχουση
940 2292 1068 2377 ἐντυχη,

41 2380 51 2475 ,’
82 2380 255 2473 ἐπέρχεται,
277 2378 390 2476 ᾗύ’”
369 2414 411 2454 αν
421 2389 589 2474 μαλακον
613 2395 771 2468 ολ.κιζεται
808 2382 1070 2473 ἁπτόμενονούν

41 2482 46 2573 [v
80 2476 121 2551 άιλ
134 2512 187 2554 και
175 2487 281 2553 ποσὶ
297 2488 351 2553 καὶ
368 2486 476 2611 πάντη
495 2490 530 2553 ἐν
540 2486 785 2572 μαλακωτάτοις
794 2512 862 2553 των
872 2486 1069 2573 μαλακωτά-

41 2584 47 2665 j·
79 2610 149 2674 των,
169 2586 426 2656 ἁπαλάτατον’
408 2588 536 2674 ανάγκη
559 2587 652 2655 ελναι.
684 2587 845 2666 νεώτατος
866 2586 927 2671 μὲν
944 2585 986 2673 (λη’
1003 2590 1072 2655 ἐστι
1088 2600 1139 2657 196

41 2702 47 2721 ·“
76 2688 122 2753 καί
131 2684 359 2773 άπαλωτατος,
382 2681 464 2770 πρὸς
476 2685 511 2752 δὲ
523 2686 652 2764 τούτοις
664 2682 765 2772 ὑγρὰς
776 2683 811 2752 τό
826 2683 921 2764 εἶδος.
952 2681 1069 2768 οὐγὰρ

74 2776 227 2865 άνοίύςτ’
242 2777 286 2872 ἦν
296 2784 403 2873 πάντη
416 2785 699 2868 περιπτύσσεσθαι
712 2781 791 2852 οὐδὲ
809 2782 863 2851 ιλιοὶ
880 2784 987 2871 πάσης
1004 2800 1070 2865 μυ-

72 2885 184 2969 χῆςιιαλ
193 2880 351 2950 ελσιύντό
362 2890 496 2968 πρῶτον
507 2882 691 2950 λανθάνειν
702 2884 757 2951 καλ
768 2882 872 2968 ἐξιών,
886 2889 916 2952 ελ
927 2881 1069 2969 σκληρὸς

71 2972 116 3067 ἤν.
148 2983 339 3068 συμμέτρου
356 2983 392 3050 δὲ
409 2984 464 3050 καὶ
481 2978 586 3069 ὑγροῖς
597 2985 685 3061 λιλέας
695 2985 779 3068 μέγα
790 2980 968 3069 τεκμήριον
979 2977 999 3066 ἡ
1012 2978 1069 3045 εύ-

69 3080 269 3167 σχημοσύνη,
283 3077 303 3147 ὅ
312 3075 352 3164 δὴ
364 3081 589 3166 διαφερόντως
600 3085 635 3148 ἐκ
646 3081 783 3149 πάντων
794 3079 1069 3166 ὁμολογουμένως

61 3172 160 3263 Ἐρως
177 3184 257 3265 ἔχει·
280 3176 495 3266 ἀσχημοσύνη
512 3178 577 3265 γάρ
597 3179 779 3266 καὶἝρωιι
800 3176 884 3260 πρὸς
905 3174 1069 3262 ἀλλήλους

65 3272 114 3345 dez
140 3276 291 3364 πόλεμος.
325 3277 424 3363 χρόας
444 3278 480 3347 δὲ
500 3277 619 3356 κάλλος
639 3275 659 3363 ἡ
681 3273 747 3344 κατ’
771 3276 860 3363 άνθη
882 3279 988 3345 δίαιτα
1007 3284 1068 3344 τοῦ

62 3380 150 3443 θεοῦ
162 3380 328 3461 σημαίνει·
351 3372 566 3462 άνανθεῖγολρ
577 3378 630 3444 καλ
650 3373 923 3464 άπηνθηκότιιιαὶ
940 3374 1067 3463 στόματι
1085 3394 1104 3444 Β
