2408 3780
135 143 198 207 242
480 149 789 209 ’ΠΛΑΤΩΝΟΣ
859 189 862 196 ι

220 312 298 374 XLI.
342 315 433 376 ΦΑΙ.
463 307 595 394 Ἔχουσι
611 308 647 376 δὲ
664 307 705 393 δή
723 314 758 376 τί
770 315 888 391 τοῦτος
907 306 1052 397 ἀνήκοος
1068 309 1145 397 γάρ,

139 411 294 490 ωςέοικε,
308 406 461 492 τυγχάνω
474 405 532 474 ῶν.
635 480 638 485 ,

220 510 295 572 ΣΩ.
330 503 381 573 Οὐ
398 504 459 591 μὲν
478 503 518 590 δή
537 507 654 586 πρέπει
671 531 709 592 γε
727 505 935 593 φιλόμουσον
952 503 1061 591 ἄνδρα
1077 512 1147 573 τῶν

135 602 298 671 τοιούτων
313 599 461 688 ἀνήκοον
476 600 575 670 είυαι·
598 603 726 688 λέγεται
743 599 775 669 δ’
796 599 840 682 ῶς
856 599 931 671 ποτ’
947 594 1035 688 ήσαν
1052 591 1145 670 οὗτοι

135 699 313 788 ἅνθρωποι
332 709 402 769 τῶν
423 703 502 786 πρὶν
517 701 661 780 Μοτίσας
682 704 872 787 γεγονέναι,
895 703 1089 786 γενομένων
1109 699 1147 767 ἃὶι

135 807 289 868 Μουσῶν
306 802 361 868 καὶ
378 805 537 886 φανείσης
556 795 643 889 γίθής
671 796 778 878 οὕτως
794 796 860 884 ἄρα
883 797 969 878 τινες
985 805 1054 867 τῶν
1071 797 1146 866 τότε

100 906 122 958 0
138 896 360 985 ἐξεπλάγησαν
377 896 440 983 ὑφ’
458 895 598 985 ἡδονῆς,
622 895 705 966 ὥστε
717 890 1032 988 ήδοντεςήμέλησαν
1043 903 1147 965 σίτων

135 998 242 1064 τεκαὶ
260 1005 388 1082 ποτῶν,
410 998 465 1064 παλ
483 1002 609 1064 ἔλαθον
624 996 878 1083 τελευτήσαντες
889 992 1026 1075 αὐτούς·
1050 998 1085 1076 ἐξ
1097 986 1148 1063 ῶν

135 1095 173 1162 τό
191 1102 346 1179 τεττίγων
362 1097 458 1178 γένος
475 1092 546 1180 μετ’
558 1097 664 1163 ἐκεῖνο
676 1095 812 1181 φύεται,
833 1098 932 1180 γέρας
941 1102 1041 1162 τοῦτο
1054 1090 1146 1179 παρὰ

136 1200 291 1262 Μουσῶν
308 1192 429 1280 λοβόν,
452 1195 556 1280 μηδὲν
566 1201 691 1280 τροφῆς
702 1197 834 1262 δεῖσθαι
843 1193 1043 1281 γευόμενον,
1068 1189 1145 1262 ἀλλ’

138 1292 255 1359 ἄσιτόν
266 1316 301 1359 τε
312 1293 366 1359 καλ
379 1289 505 1373 ἄποτον
515 1290 621 1370 εὐθὺς
631 1291 741 1381 ᾄδειν,
752 1293 814 1371 ἕως
826 1285 869 1359 α’ίν
879 1292 1060 1380 τελευτήσῃ
1067 1342 1076 1377 ,
1089 1294 1144 1361 παλ

136 1387 217 1477 μετὰ
227 1397 331 1457 ταῦτα
341 1386 445 1458 ἐλθὸν
454 1390 692 1475 παρολΜούσοις
702 1390 930 1477 ἀπαγγέλλειν,
940 1397 989 1469 τίς
997 1397 1072 1458 τίνα
1082 1388 1146 1457 αὐ-

79 1502 82 1507 “
135 1496 204 1557 τῶν
213 1496 293 1578 τιμᾷ
303 1495 371 1557 τῶν
380 1487 512 1557 ἐνθάδε.
537 1488 722 1578 Τερψιχόρη
733 1492 794 1577 μὲν
804 1483 868 1558 οὖν
876 1486 1004 1568 τούςέυ
1012 1502 1081 1568 τοϊς
1087 1514 1143 1576 χω

137 1603 206 1675 ροῑς
222 1587 431 1674 τετιμηκότας
448 1585 553 1674 αὐτήν
569 1586 830 1674 ἀπαγγέλλοντες
849 1593 980 1655 ποιοῦσι
997 1609 1144 1674 προσφι-

96 1701 118 1750 1)
137 1689 326 1773 λεστέρους,
348 1689 436 1776 τῇδὲ
451 1685 985 1773 Ἐρατοϊτούςὲντοῑςἐρωτικοῖς,
1007 1688 1145 1768 καὶτοῖς

136 1783 250 1863 ἄλλαις
261 1782 366 1870 οὕτω,
378 1783 461 1853 κατὰ
472 1785 509 1854 τό
522 1785 607 1865 εἶδος
618 1786 754 1873 ἑκάστης
763 1791 874 1872 τιμής·
897 1791 937 1874 τῇ
949 1785 985 1853 δὲ
995 1792 1146 1873 πρεσβυ-

136 1882 216 1970 τοὶτη
226 1881 401 1970 Καλλιόπη
417 1884 471 1952 καὶ
488 1891 529 1972 τή
544 1881 615 1971 μετ’
628 1883 734 1970 αὐτήν
747 1882 898 1973 Οὐρανίη
908 1881 988 1965 τοὺς
998 1888 1035 1953 ἐν
1045 1894 1147 1970 φιλο-

136 1987 239 2072 σοφίᾳ
257 1980 432 2066 θιάγοντοὶς
447 2007 484 2050 τε
499 1985 555 2052 τιαλ
568 1990 730 2069 τιμῶντας
747 1982 809 2069 τήν
825 1985 961 2051 ἐκείνων
978 1981 1147 2071 μουσικήν

136 2078 372 2166 ἀγγέλλουσιν,
395 2088 432 2150 αἲ
446 2082 485 2167 δή
504 2081 644 2168 μάλιστα
660 2088 728 2149 τῶν
739 2088 891 2149 Μουσῶν
908 2088 986 2166 περί
993 2108 1029 2150 τε
1039 2079 1145 2169 ούρα-

137 2177 201 2246 νόν
209 2181 264 2247 καὶ
272 2179 394 2265 λόγους
402 2172 501 2248 οὖσαι
509 2186 623 2260 θείους
631 2205 666 2248 τε
674 2182 730 2248 καὶ
739 2178 975 2267 ἀνθρωπίνους
986 2185 1147 2250 ίολσιιιαλ-

137 2284 253 2363 λίστην
270 2277 400 2364 φωνήν.
432 2285 567 2348 πολλῶν
583 2275 623 2364 δή
643 2271 707 2347 οὖν
721 2280 835 2348 ἕνεκεν
852 2283 986 2348 λεκτέον
995 2305 1027 2348 τι
1036 2281 1093 2349 καλ
1103 2275 1147 2348 οὐ

137 2379 463 2466 καθευθητέονέντή
474 2383 668 2465 μεσημβρία.

223 2483 314 2545 ΦΑΙ.
347 2478 492 2545 Λεκτέον
501 2474 566 2562 γὰρ
578 2468 650 2545 οὖν.

99 2591 120 2640 Β
221 2582 311 2643 XLII.
356 2582 431 2643 ΣΩ.
467 2573 620 2663 Οὐκοῦν,
646 2575 729 2663 ὅπερ
746 2583 812 2644 νῦν
828 2573 1049 2662 προύθέμεθα
1066 2579 1147 2643 σιιέ-

136 2683 282 2758 μασθαι,
303 2670 365 2742 τὸν
382 2672 483 2759 λόγον
500 2673 567 2765 ὅπη
579 2683 688 2756 καλῶς
697 2681 761 2763 ἔχει
772 2680 879 2763 λέγειν
888 2702 923 2744 τε
934 2676 990 2744 καὶ
999 2674 1148 2762 γράφειν

135 2776 190 2839 καὶ
200 2770 267 2861 ὅπη
277 2773 339 2859 μή,
352 2779 519 2847 σκεπτέον.

222 2877 313 2940 ΦΑΙ.
343 2879 468 2959 Δήλου.

219 2976 295 3038 ΣΩ.
326 2963 396 3057 Ἆρ’
415 2965 478 3040 οὖν
489 2970 549 3059 οὐχ
561 2968 721 3058 ὑπάρχειν
732 2978 858 3055 δείτοτς
869 2966 956 3060 εὖγε
966 2973 1023 3042 καὶ
1033 2981 1146 3055 καλῶς

134 3073 377 3160 ῥηθησομένοις
393 3069 456 3160 τήν
473 3079 535 3140 τοῦ
545 3073 699 3159 λέγοντος
710 3072 861 3142 διάνοιαν
872 3070 1049 3143 είθυίαντὸ
1060 3070 1147 3160 ἄλη-

134 3172 194 3250 θὲς
205 3163 254 3238 ῶν
265 3166 310 3239 ῶν
319 3174 408 3255 ἐρείν
418 3173 493 3259 πέρι
503 3173 621 3262 μέλλη;

219 3276 311 3338 ΦΑΙ.
344 3268 477 3339 Οὑτωσλ
487 3272 562 3357 περὶ
572 3269 694 3340 τούτου
705 3266 849 3357 ιἰιιήτιοα,
872 3262 1145 3357 ῶφίλεΣῶιιρα-

64 3374 119 3432 260
134 3395 204 3453 τες,
217 3368 280 3436 οὐκ
292 3367 375 3437 εἶναι
387 3367 538 3457 οἰνοίγκην
548 3377 596 3462 τῶ
606 3376 759 3457 μέλλοντι
769 3368 884 3457 ῥήτορι
894 3375 1033 3438 ἔσεσθαι
1044 3368 1084 3438 τοὶ
1095 3377 1145 3460 τῶ
