2408 3780
150 142 214 206 330
357 144 678 203 ΑΛΚΙΒΙΑΛΗΣ
695 143 960 202 ΔΕΥΤΕΡΟΣ.
1122 151 1158 205 60

152 303 299 381 τέκτονές
309 328 347 388 γε
359 301 437 370 ούόὲ
446 302 643 389 σκυτοτόμοι
655 299 729 370 οὐδ’
741 299 1019 390 ἀνδριαντοποιοί,
1032 310 1065 371 οἳ
1074 303 1159 390 ξύμ-

152 404 270 478 παντες
278 407 344 468 είσι
356 404 558 487 δημιουργοί.

235 505 305 569 ΑΛ.
337 497 490 585 Ούᾶήτα.

235 603 309 665 ΣΩ.
343 594 460 674 Οὕτως
475 596 536 682 μὲν
552 602 668 664 τοίνυν
686 599 742 664 καί
753 596 816 681 τήν
826 590 1157 684 ἀφροσύνηνόιειλη-

153 695 252 781 φότες
273 699 350 780 είσί,
373 695 429 762 καλ
445 691 524 774 τούς
540 692 601 780 μὲν
617 702 772 762 πλεῖστον
791 691 893 781 αύτής
907 697 1007 780 με’ρος
1023 699 1157 780 ἔχοντας

150 794 371 880 μαινομένους
388 799 571 878 καλοῦμεν,
594 790 671 872 τούς
688 790 721 860 δ’
734 790 848 878 ὀλίγον
859 797 994 861 ἔλαττον
1005 790 1156 880 ἠλιθίους

150 917 185 958 τε
196 894 251 959 καὶ
261 892 519 978 ἐμβροντήτους·
534 895 569 959 οί
578 894 615 959 δὲ
626 893 663 960 ἐν
673 887 913 978 εύφημοτάτοις
921 888 1062 977 ὀνόμασι
1072 899 1156 978 βου·

150 987 285 1074 λόμενοι
294 991 529 1075 κατονομάζειν
537 993 571 1057 oc
579 989 641 1074 μὲν
649 989 911 1076 μεγαλοψύχους,
922 980 958 1056 οἱ
964 989 999 1057 δὲ
1011 987 1154 1074 εὐήθεις,

19 1136 22 1141 -
108 1109 130 1160 ι)
150 1087 255 1171 ἕτεροι
273 1087 308 1154 δὲ
327 1083 472 1168 ἀκάκους
489 1089 544 1156 καὶ
561 1087 718 1172 ἀπείρους
733 1088 789 1154 καὶ
806 1087 934 1164 ἐνεούς·
958 1083 1109 1173 εὑρήσεις
1120 1087 1155 1155 δὲ

28 1246 31 1251 ,
150 1184 205 1251 καὶ
226 1184 321 1267 ἕτερα
349 1183 454 1253 πολλά
482 1183 653 1273 ἀναζητῶν
677 1183 835 1270 ὀνόματα.
864 1184 971 1253 πάντα
993 1188 1028 1252 δὲ
1050 1193 1154 1253 ταῦτα

150 1279 327 1368 ἀφροσύνη
346 1285 427 1368 ἐστί,
451 1285 599 1369 διαφέρει
618 1287 670 1370 δέ,
694 1281 805 1369 ὥσπερ
826 1285 921 1370 τέχνη
941 1288 1055 1371 τέχνης
1075 1280 1155 1370 ἡμῖν

17 1408 24 1419 ·
150 1385 364 1464 κατεφαίνετο
375 1382 430 1448 καὶ
441 1382 541 1460 νόσος
552 1381 670 1449 νόσου·
683 1375 705 1466 ή
716 1387 786 1459 πῶς
797 1401 850 1447 σοι
862 1384 966 1459 &ouen

233 1484 303 1546 ΑΛ.
334 1475 617 1565 Ἐμοὶμὲνούτως.

234 1582 284 1644 IV.
329 1581 403 1643 253.
437 1572 574 1644 Ούκούν
585 1572 643 1644 ἀπ’
655 1578 785 1644 ἐκείνου
795 1576 897 1644 πάλιυ
907 1579 1153 1663 ἐπανέλθωμεν.

149 1666 171 1758 ή
175 1700 192 1740 v
201 1669 266 1758 γάρ
279 1672 388 1759 δήπου
399 1675 454 1740 καί
465 1676 500 1741 ἐν
512 1671 596 1760 ἀρχή
607 1680 667 1740 τοῦ
676 1672 796 1759 λόγου,
810 1675 968 1742 σκεπτέον
980 1674 1064 1743 εἶναι
1075 1673 1153 1754 τούς

150 1769 302 1855 ἀφρονάς
313 1796 347 1838 τε
359 1772 413 1839 καὶ
424 1776 625 1857 φρονίμους,
648 1777 733 1849 τίνες
750 1768 824 1838 ποτ’
844 1775 936 1838 είσίυ.
961 1769 1151 1859 ὡμολόγητο

148 1864 213 1951 γάρ
225 1865 312 1935 εἶναι’
318 1893 423 1947 τινας·
435 1860 457 1954 ή
467 1865 532 1954 γάρ
543 1867 586 1935 ού
593 1896 600 1946 ;

234 1973 305 2033 AA.
337 1973 421 2052 Ναί,
435 1963 651 2053 ὡμολόγηται.

112 2081 134 2132 E
235 2069 309 2131 ΣΩ.
335 2055 405 2148 Ἆρ’
425 2055 488 2131 ούν
504 2065 641 2142 τούτους
652 2072 835 2151 φρονίμους
849 2063 1109 2151 ὑπολαμβάνεις,
1122 2071 1157 2133 οἳ

150 2157 194 2230 ἀν
206 2165 338 2229 είόσῖσιν
348 2159 427 2229 ἀττα
440 2166 491 2230 (λεί
498 2163 654 2249 πράττειν
664 2165 719 2232 καὶ
729 2165 853 2248 λέγεινς

235 2267 303 2330 ΑΛ.
325 2258 460 2346 Ἔγωγε.

233 2365 306 2428 Σίλ.
331 2356 500 2448 ’Ἀφρονας
516 2359 551 2428 δὲ
569 2364 743 2445 ποτίρουςς
767 2350 832 2445 ἀρά
848 2384 886 2445 γε
903 2354 981 2437 τούς
991 2361 1154 2447 μηδέτερα

148 2460 277 2545 τούτων
289 2457 430 2536 είόότας;

234 2562 303 2624 ΑΛ.
341 2555 496 2634 Τούτους.

231 2660 306 2722 Σίλ.
339 2651 477 2721 Οόκοῦν
487 2657 521 2722 οἴ
530 2679 567 2740 γε
578 2651 622 2741 μή
635 2651 757 2734 είόότες
767 2656 929 2741 μηδέτερα
943 2653 1074 2721 τούτων
1091 2653 1153 2741 λή-

148 2770 264 2819 σουσιν
276 2746 398 2830 αὐτούς
410 2753 465 2819 καὶ
475 2753 625 2837 λέγοντες
638 2753 692 2820 καὶ
702 2752 902 2836 πράτιοντες
912 2749 992 2819 ἀττα
1003 2751 1047 2839 μή
1061 2756 1126 2831 δεῖς

230 2855 301 2917 ΑΛ.
334 2856 497 2918 Φαίνεται.
1062 2922 1068 2930 ,

230 2954 305 3017 ΣΩ.
342 2948 479 3016 Τούτων
489 2953 601 3036 μέντοι
611 2954 742 3037 ἔλεγον,
762 2941 789 3017 ἀ
804 2946 1007 3036 Ἀλκιβιάδη,
1025 2945 1154 3018 καὶτὸν

79 3062 128 3118 141
148 3051 310 3116 Οίόίπουν
322 3043 483 3114 εἶναιτῶν
499 3045 708 3136 ἀνθρώπων·
731 3044 880 3133 εὑρήσεις
898 3043 929 3113 δ’
949 3051 995 3114 ἔτι
1012 3047 1067 3115 καλ
1083 3053 1154 3115 τοῖν

145 3153 211 3213 νῦν
221 3143 366 3224 πολλούς
376 3141 438 3213 ούκ
451 3142 535 3234 ὀργή
547 3148 783 3232 κεχρημένους,
795 3142 905 3229 ὥσπερ
917 3148 1061 3230 ἐκείνου,
1075 3142 1152 3212 οὐδ’

145 3246 317 3328 οιομένους
328 3243 415 3311 κακά
426 3264 540 3328 σφισιν
552 3241 719 3328 εύχεσθαι,
732 3240 805 3312 ἀλλ’
819 3241 942 3327 ἀγαθά.
954 3245 1080 3320 ε’κείνος
1090 3244 1153 3326 μὲν

67 3398 72 3409 .
133 3337 252 3422 ὥσπερ
269 3337 350 3408 οὐδ’
367 3337 503 3429 ηύχετο,
526 3337 602 3409 οὐδ’
624 3338 721 3426 ᾧέτο·
743 3341 850 3426 ἕτεροι
867 3341 906 3408 δέ
920 3343 1007 3419 τινός
1023 3344 1109 3407 εἰσιν
1121 3347 1156 3408 οἳ
