2408 3780
396 157 746 217 ΠΑΡΜΕΝΙΔΗΣ.
1034 154 1076 217 39

68 323 130 383 τοῦ
150 312 234 382 εἶναι
250 320 295 394 τίς
311 313 348 381 τὰ
367 311 578 383 ἀπόλλυσθαι
589 316 776 403 μεταβάλλῃ
787 313 809 401 ἢ
820 319 856 385 ἐκ
866 323 927 382 τοῦ
938 314 981 402 μὴ
994 314 1076 382 εἶναι
1096 325 1143 379 157

69 417 115 489 είς
132 409 170 479 τὸ
188 417 380 499 γίγνεσθαι,
404 412 525 498 μεταξύ
542 437 644 479 τινων
661 413 735 480 τότε
752 421 898 499 γίγνεται
910 413 1076 499 κινήσεών

69 511 170 578 τεκαὶ
182 511 346 597 στάσεων,
358 512 412 578 καὶ
424 507 501 577 οὔτε
513 516 581 578 ἔστι
592 509 665 577 τότε
677 507 755 577 οὔτε
767 508 829 577 οὐκ
840 516 924 597 ἔστι,
937 509 1014 577 οῦτε
1025 517 1077 595 γί-

67 635 182 694 γνεται
193 607 270 677 οῦτε
281 609 479 690 ἀπόλλυται,
495 607 603 676 ’Έοικε
613 616 707 693 γοῦν.
742 608 836 676 Κατὰ
849 606 889 694 δὴ
902 606 961 675 τὸν
973 607 1077 674 αὐτὸν

68 708 173 799 λόγον
182 709 237 775 καὶ
248 711 280 787 ἐξ
292 707 365 788 ἑυός
375 709 427 776 ἑπλ
439 705 544 776 πολλοὶ
557 705 611 775 cdv
622 708 677 775 καὶ
688 709 723 774 ἐκ
735 713 869 775 πολλῶν
880 704 935 791 ἐφ’
950 709 987 773 ἓν
999 706 1076 773 οὔτε

68 807 106 871 ἕν
125 806 216 871 ἐστιν
233 801 309 871 οῦτε
320 805 443 890 πολλά,
465 804 542 873 οὔτε
554 809 753 888 διακρίνεται
765 805 842 873 οὔτε
856 811 1074 889 συγκρίνεται.

68 905 122 970 καλ
141 905 174 982 ἐξ
187 899 305 988 ὁμοίου
316 905 368 971 ἐπὶ
379 902 540 989 άνόμοιον
551 903 605 971 καὶ
616 906 647 982 ἐξ
659 900 819 989 ἀνομοίου
833 904 883 970 ἐπὶ
895 900 1012 987 ὅμοιον
1022 901 1075 970 ἰὸν

68 999 146 1068 οὔτε
166 999 284 1086 ὅμοιον
296 999 373 1068 οὔτε
386 998 561 1087 ἀνόμοιον,
584 1000 660 1069 οὔτε
672 998 894 1086 ὁμοιούμενον
905 1000 982 1067 οὔτε
993 998 1075 1067 άνο-

68 1098 282 1184 μοιοῦμευον.
315 1100 371 1167 καὶ
386 1101 422 1167 ἐκ
439 1106 582 1186 σμικροῦ
594 1100 646 1167 ἐπὶ
656 1102 739 1184 μέγα
751 1099 868 1166 καὶέπὶ
881 1100 1077 1176 ίσονκαλείς
1094 1105 1113 1154 Β

68 1197 109 1264 τά
128 1199 260 1264 ἐναντία
278 1195 332 1265 lav
351 1197 428 1265 οὔτε
446 1194 589 1283 σμικρὰν
606 1195 684 1264 οῦτε
700 1199 783 1282 μέγα
795 1195 873 1263 οὔτε
885 1206 975 1283 ίσον,
999 1194 1076 1264 οῦτε

68 1292 300 1380 αὐξανόμενον
317 1295 394 1364 οῦτι
412 1307 540 1383 φθίνον
556 1294 633 1363 οῦτε
651 1294 830 1380 ἰσούμενον
850 1305 899 1382 εἴη
912 1294 964 1362 άν.
1003 1294 1075 1362 Οῦκ

68 1399 165 1461 ἔοικε.
200 1399 311 1461 Ταῦτα
322 1392 416 1478 (λὴ-υᾶ
427 1396 608 1480 παθήματα
621 1391 721 1462 πάντ’
733 1389 777 1460 άυ
792 1394 912 1480 πάσχοι
923 1394 959 1460 τῦ
973 1396 1027 1481 ἕν,
1048 1401 1078 1461 εί

68 1498 168 1560 ἔστιν.
191 1499 269 1572 Πῶς
280 1491 311 1561 δ’
326 1495 384 1575 οῦ;
1142 1482 1146 1491 ’

153 1597 247 1659 XXII.
294 1600 335 1660 Τί
345 1595 381 1659 δὲ
393 1607 461 1672 τοῖς
472 1592 584 1671 ἄλλοις
594 1591 758 1676 προσήκοι
769 1587 811 1658 άν
823 1590 976 1675 πάσχειν,
999 1593 1036 1657 ἓν
1048 1597 1078 1658 εί

68 1694 174 1777 ἔστιν,
197 1683 261 1776 ἆρα
281 1688 324 1758 οῦ
341 1695 515 1772 σκεπτέον;
537 1693 715 1758 Σκεπτέον.
748 1692 907 1774 Λέγωμευ
919 1689 976 1775 δή,
999 1691 1035 1756 ἓν
1047 1696 1078 1757 εί

68 1792 154 1872 ἔστι,
165 1779 268 1855 τάλλα
279 1797 341 1855 τοῦ
352 1787 426 1866 ἑυός
437 1795 471 1856 τί
477 1786 538 1875 χρὴ
551 1792 772 1868 mammem
786 1790 950 1873 Λέγωμευ.
984 1784 1076 1855 Οῦκ-

68 1893 132 1952 οῦν
145 1888 277 1969 ἐπείπερ
289 1884 373 1954 ἄλλα
383 1894 444 1954 τοῦ
456 1889 530 1966 ἑνός
541 1891 630 1956 ἐστιν
636 1937 646 1970 ,
669 1886 746 1954 οὔτε
761 1885 798 1954 τὸ
816 1887 854 1952 ἓν
871 1888 939 1953 ἐστι
956 1877 1074 1953 τᾶλλα·

69 1981 109 2050 οῦ
121 1982 186 2071 γάρ
198 1979 242 2051 άυ
253 1982 336 2052 άλλα
348 1992 410 2052 τοῦ
421 1982 495 2063 ἑνὸς
505 1979 557 2072 ἦν.
586 1984 720 2071 Ὀρθῶς.
752 1983 841 2054 Οῦὸὲ
852 1984 918 2070 μὴν
930 1991 1078 2068 στέρεταί
1094 1994 1112 2045 0

68 2105 105 2164 γε
123 2081 314 2149 παντάπασι
327 2090 388 2150 τοῦ
406 2077 610 2170 ἕυόςτάλλα,
634 2081 717 2153 άλλά
729 2087 852 2171 μετέχει
864 2109 919 2172 πῃ.
951 2090 1005 2172 Πῇ
1016 2082 1073 2168 δή,

63 2174 132 2247 ’Ότι
150 2205 217 2247 που
234 2178 274 2247 τά
290 2180 374 2248 ἄλλα
391 2189 452 2249 τοῦ
470 2180 544 2261 ἕνός
561 2182 659 2270 μόρια
678 2190 792 2271 ἔχοντα
811 2183 895 2254 άλλα
917 2186 1020 2250 ἐστίν·
1048 2187 1077 2248 εί

69 2277 132 2363 γάρ
145 2279 246 2366 μόρια
256 2279 302 2366 μὴ
316 2286 398 2367 ἔχοι,
416 2290 584 2362 παντελῶς
595 2278 757 2369 άυὲυείη.
787 2279 924 2368 Ὀρθῶς.
958 2279 1074 2365 Μόρια

69 2380 106 2443 δέ
126 2404 182 2463 γε,
206 2381 331 2465 φαμέν,
353 2380 476 2446 τούτου
497 2383 585 2448 ἐστὶν
607 2375 686 2447 δάν
704 2380 786 2448 ὅλον
801 2373 832 2467 ᾖ.
868 2383 982 2465 Φαμὲν
999 2379 1073 2462 γάρ.

63 2472 160 2545 Ἀλλά
173 2475 241 2564 μὴν
250 2478 288 2545 τό
299 2503 337 2563 γε
348 2477 429 2546 ὅλον
440 2481 476 2544 ἓν
488 2480 524 2545 ἐκ
535 2485 669 2546 πολλῶν
681 2476 810 2565 ἀνάγκη
822 2477 922 2560 εἶναι,
933 2468 975 2545 οῦ
986 2482 1075 2544 ἔσται

66 2575 169 2662 μόρια
178 2574 218 2643 τά
231 2576 341 2662 μόρια.
372 2578 512 2644 ἕκαστον
521 2574 586 2662 γάρ
596 2585 664 2646 τῶν
676 2584 803 2663 μορίοιν
814 2576 855 2645 ου’
868 2582 1000 2644 πολλῶν
1011 2576 1075 2661 μό-

67 2698 141 2759 ριον
151 2673 213 2762 χρὴ
226 2673 327 2759 εἶναι,
339 2674 423 2743 ἀλλὰ
434 2674 525 2743 ὅλου.
546 2682 624 2755 Πῶς
636 2684 751 2753 τοῦτο;
772 2685 818 2744 Ee
826 2703 858 2745 τι
868 2682 1000 2743 πολλῶν
1012 2673 1075 2759 μό-

66 2797 141 2854 ριον
152 2782 221 2857 τίη,
242 2776 280 2840 ἐν
291 2770 340 2853 οἷς
351 2771 432 2841 αὐτὸ
446 2784 512 2860 είη,
531 2775 652 2842 ἑαυτοῦ
664 2799 698 2840 τε
711 2775 751 2860 δή
763 2798 828 2841 που
840 2772 959 2860 μόριον
972 2780 1072 2859 ἔσται,
1090 2787 1112 2838 Ι)

66 2867 86 2935 ὅ
96 2872 187 2936 ἐστιν
198 2867 383 2957 ἀδύνατον,
401 2875 456 2939 καὶ
466 2880 534 2939 τῶν
544 2871 655 2940 ἄλλων
666 2870 708 2959 δὴ
719 2870 793 2951 ἑνὸς
804 2873 962 2958 ἑκάστου,
981 2881 1073 2952 είπεο

66 2970 120 3036 καὶ
129 2968 274 3036 πάντων.
296 2967 370 3047 ἑνὸς
378 2967 443 3057 γάρ
452 2968 496 3056 μὴ
508 2965 550 3037 &v
560 2971 689 3056 μόριον,
700 2972 790 3059 πλὴν
800 2970 923 3039 τούτου
933 2978 1001 3037 τῶν
1013 2968 1073 3034 άλ-

67 3075 136 3134 λων
147 3072 253 3153 ἔσται,
275 3069 330 3135 καλ
341 3066 447 3147 οὕτως
457 3065 531 3146 ἑνὸς
542 3070 682 3137 ἑκάστου
693 3069 755 3137 οῦκ
768 3076 859 3138 ἔσται
869 3070 1004 3154 μόριον,
1027 3065 1071 3153 μὴ

66 3158 107 3231 ὅν
118 3165 155 3232 δὲ
166 3166 285 3251 μόριον
297 3166 437 3233 ἑκάστου
448 3163 586 3247 οὐδενὸς
602 3176 671 3235 τῶν
688 3175 822 3235 πολλῶν
839 3172 937 3233 ἔσται.
970 3169 1073 3250 μηδε-

66 3260 122 3341 νὸς
135 3263 171 3330 δὲ
181 3258 223 3331 άν
233 3263 370 3331 πάντων
381 3265 510 3333 τούτων
519 3291 550 3333 τι
562 3265 660 3351 εἶναι,
674 3259 723 3334 ῶν
734 3264 871 3344 οῦῦευὸς
883 3260 982 3331 οὐδέν
993 3267 1070 3349 ἐστι,

65 3363 119 3428 καὶ
130 3361 251 3449 μόριον
261 3362 316 3429 καὶ
327 3361 408 3430 άλλο
421 3361 536 3432 ὁτιοῦν
550 3361 720 3432 άὸῦνατον
737 3362 830 3430 εἶναι.
861 3370 1021 3433 Φαίνεταί
1032 3389 1071 3449 γε
1164 3390 1169 3401 ·
