2408 3780
136 163 177 226 10
494 148 782 224 ΠΛΑΤααοΣ

134 320 215 408 παρ’
231 322 312 411 ἡμίν
329 333 392 392 είτε
409 321 599 410 ὁμοιώματα
616 332 680 391 είτε
697 322 763 411 όπη
780 324 821 411 δή
837 351 885 403 τις
902 322 985 392 αὐτὰ
1003 330 1143 409 τίθεται,

136 417 185 491 ὦν
200 420 292 510 ἡμεῖς
306 426 495 510 μετέχοντες
512 418 595 490 εἶναι
612 422 734 489 ἕκαστα
744 423 1031 510 ἐπονομαζόμεθα·
1052 421 1093 490 τά
1105 423 1141 491 δὲ

135 520 215 607 παρ’
234 520 313 610 ἡμῖν
322 529 441 606 ταῦτα,
464 518 625 607 ὁμώνυμα
637 517 719 586 ὅντα
730 525 884 607 ἐκείνοις,
907 517 990 588 αὐτά
1002 514 1047 587 αὖ
1058 520 1142 604 πρὸς

134 620 219 690 αὑτά
236 627 326 690 ἐστιν
342 620 416 689 ἀλλ’
435 618 476 688 οὐ
493 616 578 702 πρός
594 617 634 686 τὰ
653 623 740 704 είδη,
763 623 819 686 καλ
835 621 963 686 ἑαυτῶν
980 616 1054 687 ἀλλ’
1078 615 1142 686 οὐκ

134 723 272 789 ἐκείνων
293 719 357 788 ὅσα
378 711 423 786 αὖ
444 717 636 804 ὀνομάζεται
653 715 769 796 οὕτως.
799 724 879 797 Πῶς
897 721 1015 802 λέγεις;
1037 717 1143 802 φάναι

132 817 193 886 τόν
203 819 377 905 Σωκράτη.
407 814 505 905 Οἷον,
517 817 623 904 φάναι
633 812 695 884 τὸν
705 820 936 903 Παρμενίδην,
950 825 983 884 εί
990 842 1038 894 τις
1046 812 1143 902 ήμοΞν

133 942 194 985 του
216 918 378 1004 δεσπότης
398 912 420 1003 ή
443 916 564 996 δοῦλός
585 919 691 1002 ἐστιν,
713 913 776 983 οὐκ
798 913 902 984 αὐτοῦ
918 915 1080 983 δεσπότου
1100 914 1140 1001 δή

96 1031 116 1080 Ε
135 1039 217 1099 που,
236 1012 256 1082 ὁ
266 1020 335 1083 ἔστι
346 1016 521 1102 δεσπότης,
543 1018 673 1083 ἐκείνου
684 1012 805 1094 δοῦλός
815 1017 922 1101 ἐστιν,
946 1011 1025 1082 οὐδὲ
1034 1011 1140 1081 αὐτοῦ

136 1114 277 1199 δούλου,
300 1109 320 1180 ὁ
337 1118 405 1181 ἐστι
423 1117 558 1197 δοῦλος,
581 1113 741 1199 δεσπότης
758 1110 776 1181 ὁ
793 1113 970 1201 δεσπότης,
992 1110 1065 1180 ἀλλ’
1079 1111 1141 1179 άν-

133 1223 271 1297 θρωπος
293 1207 342 1281 οδν
366 1211 553 1297 ἄνθρωπον
569 1210 743 1299 ἀμφότερα
759 1213 863 1280 ταῦτά
881 1217 983 1280 ἐστιν·
1001 1209 1084 1297 αὕτη
1103 1213 1139 1277 δὲ
1178 1226 1182 1245 ²

134 1317 306 1379 δεσποτεία
317 1307 419 1398 αὐτῆς
431 1316 580 1390 δουλείας
591 1315 679 1379 ἐστίν
690 1310 710 1380 ὁ
721 1315 805 1397 ἐστι,
816 1314 870 1380 καὶ
882 1316 1015 1380 δουλεία
1027 1307 1139 1377 οὸσαά-
1179 1384 1182 1391 ,

39 1419 42 1424 ’
133 1436 197 1489 τως
215 1406 298 1494 αότή
318 1413 452 1478 δουλεία
469 1407 572 1496 αὐτῆς
589 1415 792 1494 δεσποτείας,
815 1407 889 1478 ἀλλ’
911 1409 953 1477 οὐ
963 1406 1003 1477 τά
1014 1413 1051 1476 ἐν
1061 1404 1140 1494 ἡμῖν
1180 1426 1182 1431 ·

134 1507 217 1594 πρὸς
227 1514 335 1576 ἐκεῖνα
346 1507 407 1595 τήν
418 1509 562 1596 δύναμιν
571 1514 636 1595 ἔχει
649 1507 728 1577 οὐδὲ
739 1514 847 1578 ἐκεῖνα
859 1508 942 1595 πρὸς
951 1506 1046 1596 ἡμᾶς,
1058 1503 1138 1591 ἀλλ’,
1177 1518 1182 1525 ’

65 1627 116 1683 134
133 1607 265 1693 δλέγω,
289 1605 372 1676 αὐτα
384 1605 497 1677 αὑτων
506 1607 655 1693 καὶπρὸς
666 1607 751 1677 αὑτά
763 1609 871 1677 ἐκεῖνά
883 1611 1010 1691 τέἐστι,
1033 1608 1089 1674 καὶ
1099 1604 1139 1673 τά
1179 1604 1182 1679 J

133 1705 213 1794 παρ’
229 1703 309 1793 ἡμῖν
327 1705 482 1786 ὡσαύτως
495 1705 578 1791 πρὸς
590 1709 704 1775 ἑαυτά·
724 1704 798 1794 ήού
810 1707 995 1794 μανθάνεις
1006 1703 1026 1774 δ
1036 1708 1139 1790 λε’γως
1177 1726 1181 1733 ·

134 1806 232 1873 Πάνυ
243 1804 287 1890 γ’,
301 1811 404 1872 εἰπεῖν
414 1802 474 1871 τόν
485 1806 665 1893 Σωκράτη,
678 1807 851 1893 μανθάνω.

219 1911 284 1972 Vll.
330 1899 467 1970 Οὐκοῦν
477 1904 532 1969 καὶ
543 1904 712 1991 ἐπιστήμη,
725 1906 840 1990 φάναι,
852 1902 935 1989 αὐτή
947 1904 1008 1989 μὲν
1019 1902 1038 1970 δ
1049 1909 1139 1969 ἐστιν
1176 1972 1182 1985 ⁴

135 2002 292 2088 ἐπιστήμη
310 2007 367 2087 τῆς
386 1997 405 2068 ὁ
424 2005 515 2068 ἑστιν
532 1998 672 2086 άλήθεια
689 2001 791 2089 αὐτῆς
808 2003 851 2070 civ
869 2004 994 2086 ἐκείνης
1007 2009 1055 2085 εἴη
1068 2003 1140 2067 ἐπι·
1175 2038 1182 2069 ι

134 2100 239 2188 στήμη
249 2128 258 2182 3
270 2100 368 2168 Πάνυ
379 2125 427 2186 γε.
455 2095 592 2185 Ἑκάστη
607 2100 642 2168 δέ
656 2092 699 2166 αδ
711 2109 779 2168 τῶν
791 2103 979 2185 ἐπιστημῶν
984 2149 994 2183 ,
1005 2095 1027 2184 ἢ
1038 2104 1139 2187 ἑστιν,

135 2199 275 2268 ἑκάστου
286 2207 352 2266 των
363 2197 489 2282 ὅντων,
501 2194 521 2265 ὁ
531 2203 636 2286 ἐστιν,
649 2208 698 2285 είη
710 2194 753 2266 άυ
763 2198 937 2285 ἐπιστήμη·
957 2195 979 2285 ή
991 2198 1048 2279 οὕς
1059 2206 1138 2267 Ναί.

130 2294 170 2364 Ἡ
186 2300 222 2364 δὲ
238 2293 317 2380 παρ’
336 2295 414 2382 ἡμῖν
432 2297 592 2383 ἐπιστήμη
610 2295 651 2366 οδ
668 2306 725 2385 τῆς
741 2297 821 2382 παρ’
833 2296 915 2385 ἡμῖν
925 2293 970 2365 άν
979 2296 1139 2383 ἀληθείας

134 2407 200 2483 είη,
223 2399 278 2466 καί
294 2389 338 2464 αὖ
354 2397 473 2483 ἑκάστη
490 2393 511 2483 ἡ
529 2393 609 2485 παρ’
626 2396 705 2486 ἡμίν
715 2398 876 2485 ἐπιστήμη
887 2405 955 2465 τῶν
966 2395 1046 2483 παρ’
1058 2394 1139 2483 ήμίν

94 2514 114 2563 Β
135 2494 245 2564 όντων
268 2496 410 2564 ἑκάστου
431 2491 475 2562 άυ
496 2496 655 2584 ἐπιστήμη
676 2505 854 2585 συμβαίνοι
871 2496 969 2575 εἰναις
986 2494 1139 2583 Ἀνάγκη.

129 2590 226 2661 Ἀλλά
239 2591 306 2678 μήν
323 2589 407 2660 αὐτά
423 2619 461 2679 γε
478 2593 518 2660 τά
536 2598 624 2681 είδη,
649 2594 693 2674 ως
714 2594 901 2682 ὁμολογεῖς,
925 2594 1002 2663 οὕτε
1024 2600 1141 2682 ἔχομεν

27 2754 31 2761 .
132 2690 209 2759 οὔτε
227 2688 399 2778 παρ’ήμῑν
409 2686 527 2760 οἷόντε
539 2690 632 2760 εἶναι.
669 2692 721 2761 Οὐ
730 2687 880 2780 γάροάν.
914 2695 1139 2780 Γιγνοόσκεται

133 2793 172 2857 δέ
187 2793 227 2875 γέ
241 2814 308 2857 που
324 2785 384 2856 ὑπ’
403 2788 586 2859 αὐτοῦτοῦ
602 2797 712 2872 είδους
728 2800 790 2861 τοῦ
800 2801 857 2880 τῆς
868 2794 1044 2880 ἐπιστήμης
1054 2791 1139 2861 αὐτοὶ

133 2888 173 2957 τά
184 2884 394 2976 γε’νηδὶέστιν
404 2889 542 2972 ἓκαστας
563 2897 640 2960 Ναί.
665 2889 703 2960 Ὅ
714 2916 752 2978 γε
762 2889 855 2978 ἡμεῖς
866 2889 928 2960 οὐκ
938 2897 1062 2979 ἔχομεν.
1087 2889 1141 2959 Οὐ

130 2990 204 3075 γάρ.
238 2985 311 3057 Οὐκ
331 2986 395 3070 άρα
413 2983 479 3055 ὑπό
495 3014 533 3075 γε
549 2986 647 3075 ἡμῶν
656 2992 873 3076 γιγνώσκεται
884 2998 952 3058 τῶν
964 2994 1062 3058 εἰδῶν
1075 2989 1137 3057 οὐ·

132 3092 206 3174 δέν,
228 3083 339 3172 ἐπειδὴ
359 3083 462 3174 αὐτῆς
476 3089 652 3176 ἐπιστήμης
663 3086 706 3155 οὐ
716 3090 899 3174 μετέχομεν.
935 3086 1008 3156 Οὐκ
1020 3093 1137 3156 ἔοικεν.

124 3187 315 3270 ’Ἀγνωστον
331 3183 396 3270 άρα
414 3184 492 3273 ήμῐν
509 3189 575 3256 ἐστί
592 3189 646 3255 καὶ
663 3183 745 3254 αὐτό
761 3184 798 3255 τό
810 3182 945 3255 καλδυδ
954 3192 1023 3254 ἔστι
1033 3189 1087 3254 καὶ
1098 3185 1136 3254 τδ

95 3304 117 3355 c
136 3281 268 3367 ἀγαθόν
284 3289 340 3354 καὶ
357 3287 465 3355 πάντα
475 3283 498 3354 δι’
508 3284 548 3373 δή
562 3283 606 3366 οὲς
617 3288 706 3366 ἰδίας
716 3283 818 3365 αι’πᾶς
830 3284 932 3365 οὔσας
943 3281 1139 3373 ὑπολαμβά-

135 3407 245 3465 νομεν.
278 3386 485 3453 Κινδυνεύει.
511 3383 594 3473 Ὅρα
607 3382 647 3473 δή
660 3390 707 3454 ἔτι
717 3384 841 3454 τούτου
850 3384 1040 3471 δεινότερον
1051 3385 1140 3455 τόδε.
