2408 3780
43 184 79 241 97
430 178 667 242 ΦΑΙΛΡΟΣ,
984 177 1046 241 235

41 345 160 425 λευκός
174 351 278 434 ἰδεῖν,
291 347 550 436 μελανόμματος,
565 353 658 437 τιμής
672 346 810 437 ἐραστής
823 347 904 436 μετά
913 374 1046 439 σωφρο·

42 449 146 537 σύνης
159 475 194 517 τε
208 451 264 518 καὶ
277 454 409 537 αἰδοῦς,
425 452 480 519 καί
494 447 657 539 ἀληθινῆς
672 450 767 540 δόξης
781 452 925 541 ἑταῖρος,
940 450 1046 539 ἀπλη-

41 578 129 636 κτος,
145 550 320 639 κελεύματι
334 551 439 640 μόνον
451 555 507 622 καὶ
521 550 813 646 λόγωήνιοχείται·
827 549 845 621 ὁ
862 551 895 622 δ’
911 544 956 623 αῦ
969 574 1045 622 σκο-

40 652 130 741 λιός,
144 653 264 741 πολύς,
280 658 354 743 εἰκή
367 659 679 745 συμπεφορημένος,
693 654 939 744 κρατεραύχην,
963 664 1044 744 βρα-
1064 672 1084 722 Ε
1158 692 1164 699 ·

40 754 261 844 χντράχηλος,
276 757 544 847 σιμοπρόσωπος,
560 757 768 847 μελύγχρως,
782 758 1045 846 γλαυκόμματος,

40 857 198 946 ῦφαιμος,
212 855 343 947 ῦβρεως
350 862 406 929 καί
414 856 604 944 ἀλαζονείας
612 863 749 950 ἑταῖρος,
760 862 836 948 περὶ
844 851 911 930 ῶτα
921 860 1045 947 λύσιος,

40 960 164 1049 κωφός,
179 960 312 1049 μάστιγι
333 962 414 1050 μετὰ
433 966 581 1051 κέντρων
600 963 694 1051 μόγις
715 960 872 1033 ὑπείκων.
906 960 987 1031 ὅταν
1011 960 1045 1030 δ’

40 1054 105 1132 οῦν
124 1058 142 1132 ό
162 1059 292 1152 ήνίοχος
313 1063 397 1134 ἰδῶν
417 1063 453 1132 τό
468 1063 626 1154 ἐρωτικὸν
639 1063 746 1155 όμμα,
767 1070 878 1136 πᾶσαν
892 1065 1046 1153 αἰσθήσει

42 1165 272 1255 διαθερμήνας
279 1164 340 1255 τήν
349 1167 470 1256 ψυχήν,
485 1174 714 1257 γαργαλισμοῦ
725 1196 761 1237 τε
775 1172 830 1238 καὶ
844 1166 956 1238 πόθου
970 1171 1044 1236 κέν-

39 1263 351 1359 τρωνῦποπλησθῇ,
366 1266 384 1339 ὁ
399 1270 461 1359 μὲν
476 1267 635 1361 εῦπειθής
649 1276 696 1364 τῶ
709 1267 832 1364 ήνιόχμ
840 1276 908 1341 τῶν
920 1276 1046 1355 ἰ’ππων,
1062 1286 1117 1342 254

39 1368 98 1441 ἀεί
108 1399 143 1442 τε
157 1373 213 1440 καί
227 1371 299 1441 τότε
313 1378 406 1443 αἰδοῖ
420 1373 630 1462 βιαζόμενος,
645 1372 764 1444 ἑαυτὸν
777 1378 906 1461 κατέχει
919 1371 963 1461 μή
974 1375 1046 1440 έπι-

39 1479 154 1567 πηδηῖν
167 1479 215 1566 τῶ
229 1478 401 1568 ἐρωμένῳ·
415 1472 433 1543 ό
448 1476 484 1545 δέ
504 1473 581 1545 οῦτε
601 1480 749 1564 κέντρων
769 1472 949 1564 ήνιοχικῶν
968 1471 1046 1542 οῦτε

39 1577 198 1667 μάστιγος
219 1584 266 1647 ἔτι
287 1580 496 1666 ἐντρέπεται,
518 1584 663 1664 σκιρτῶν
684 1579 720 1647 δὲ
742 1586 800 1668 βίᾳ
813 1581 967 1665 φέρεται,
989 1577 1046 1644 καί

39 1677 149 1750 πάντα
164 1679 339 1767 πράγματα
346 1684 501 1769 παρέχων
507 1685 555 1772 τῶ
568 1681 687 1769 σύζνγί
692 1709 727 1749 τε
735 1683 791 1749 καί
805 1675 928 1771 ήνιόχω
939 1675 1043 1764 ἀναγ-

39 1781 131 1866 κάζει
145 1786 231 1853 ἰέναι
244 1809 279 1851 τε
293 1780 376 1871 πρὸς
390 1780 431 1852 τά
444 1781 583 1852 παιδικὰ
596 1785 653 1853 καὶ
666 1792 786 1872 μνείαν
800 1791 973 1853 Ιποιεῖσθαι
987 1783 1044 1867 τής

18 1909 22 1917 ·
39 1889 109 1952 τῶν
123 1880 330 1974 ἀφροδισίων
343 1884 483 1974 χάριτος.
498 1884 543 1953 τῶ
559 1887 596 1954 δέ
608 1882 685 1955 κατ’
700 1883 802 1974 ἀρχάς
819 1885 882 1973 μέν
900 1881 1042 1952 ἀντιτεί-

38 2013 140 2057 νετον
153 1984 417 2076 ἀγανακτοῦντε,
440 1984 484 2067 ῶς
499 1985 593 2059 δεινά
607 1991 663 2057 καὶ
672 1987 847 2075 παράνομα
861 1984 1041 2074 ἀναγκαζο-
1061 2002 1080 2052 Β

38 2091 148 2177 μένω·
168 2094 386 2169 τελευτῶντες
407 2093 460 2176 δέ,
475 2087 556 2159 ὅταν
570 2091 679 2180 μηδὲν
692 2081 716 2181 ή
729 2093 831 2181 πέρας
844 2093 967 2173 κακοῦ,
984 2113 1043 2154 πο-

38 2192 207 2278 ρεύεσθον
221 2189 390 2280 ἀγομένω,
410 2196 538 2276 είξαντε
550 2195 607 2262 καὶ
627 2189 872 2281 δμολογήσαντε
892 2190 1045 2278 ποιήσειν

19 2290 77 2364 ὖτό
98 2294 327 2383 κελευόμενον.
363 2297 419 2364 καὶ
439 2294 522 2382 πρός
542 2292 635 2385 αῦτῶ
654 2292 686 2363 τ’
708 2298 863 2383 ἐγένοντο
882 2294 938 2362 καί
953 2293 1044 2361 εἰδον

37 2393 102 2485 τήν
115 2394 195 2478 όψιν
209 2394 269 2485 τήν
283 2402 350 2466 τῶν
364 2403 530 2467 παιδικῶν
544 2395 805 2483 ἀστρόπτονσαν.

126 2510 237 2568 XXXV.
269 2496 410 2580 Ἰδόντες
430 2499 467 2569 δὲ
487 2505 547 2570 τοῦ
561 2496 696 2588 ήνιόχον
709 2495 730 2587 ή
744 2498 855 2588 μνήμη
877 2493 959 2583 πρὸς
982 2493 1043 2582 τήν

37 2605 101 2670 τοῦ
113 2601 256 2682 κάλλονς
270 2604 375 2689 φύσιν
388 2599 532 2691 ήνέχδη,
546 2605 603 2671 καί
615 2601 717 2672 πόλιν
730 2602 821 2672 εἰδεν
835 2598 941 2688 αύτήν
960 2596 1042 2685 μετὰ
1091 2638 1093 2643 ·

37 2704 263 2793 σωφροσύνης
271 2708 308 2773 έν
322 2703 416 2796 ἁγνοῦ
428 2704 549 2795 βόθρῳ
563 2709 734 2793 βεβῶσαν·
750 2710 868 2775 ἰδοῦσα
884 2704 921 2772 δὲ
935 2702 1046 2772 ἔδεισέ

37 2834 75 2876 τε
89 2807 145 2875 καὶ
158 2819 324 2895 σεφθεῐσα
333 2807 496 2879 ἀνέπεσεν
509 2803 620 2893 ῦπτία,
635 2808 691 2876 καὶ
704 2805 771 2896 ἅμα
783 2805 981 2898 ήναγκάσθη
996 2810 1043 2881 εἰς

36 2906 186 2979 τοῦπίσω
207 2910 342 2980 ἑλκύσαι
363 2909 420 2989 τὰς
442 2906 537 2997 ήνίας
556 2907 643 2980 οῦτω
664 2909 811 2998 σφόδρα,
833 2907 919 2979 ῶστε
933 2908 987 2976 ἐπὶ
1000 2902 1077 2982 τὰς

37 3020 128 3100 ἰσχία
142 3010 243 3101 ἀμφω
257 3022 395 3084 καθίσαι
409 3010 454 3081 τῶ
470 3019 578 3098 ἵππω,
597 3010 730 3103 τὸνμὲν
744 3013 860 3082 ἑκόντα
876 3009 931 3080 διόι
945 3007 980 3077 τό
998 3004 1042 3092 μή

37 3113 253 3201 ἀντιτείνειν,
276 3113 335 3184 τόν
358 3116 395 3191 δὲ
415 3111 577 3203 ὑβριστήν
591 3114 678 3204 μάλα
692 3111 825 3184 ἀκοντα,
854 3111 1041 3182 ἀπελθόντε
1121 3156 1143 3197 ,-

38 3217 76 3287 δὲ
89 3214 266 3306 ἀπωτέρω,
281 3213 298 3286 ὁ
312 3218 374 3306 μὲν
387 3214 449 3287 ὑπ’
464 3216 622 3306 αἰσχύνης
634 3244 670 3284 τε
683 3218 739 3285 καί
752 3216 906 3305 θάμβονς
927 3218 1041 3303 ἱδρῶτι
1121 3211 1132 3296 ζ,

37 3323 150 3390 πᾶσαν
162 3325 276 3409 ἔβρεξε
288 3319 350 3410 τήν
363 3319 483 3408 ψυχήν,
498 3317 516 3388 ὁ
531 3321 567 3389 δὲ
580 3319 678 3409 λήξας
691 3323 749 3409 της
762 3316 900 3409 ὀδύνης,
916 3313 959 3406 ἣν
973 3313 1040 3388 ῦπό
1131 3334 1135 3365 ³

36 3428 98 3492 τοῦ
110 3428 251 3511 χαλινοῦ
263 3449 299 3492 τε
307 3429 380 3511 ἔσχε
393 3425 449 3492 καὶ
463 3427 523 3492 τοῦ
531 3423 721 3515 πτώματος,
735 3421 833 3512 μόγις
842 3420 1055 3504 ὲξανωπνελι-
1167 3426 1170 3431 ’

30 3543 91 3605 ὅσα
101 3524 316 3615 ἐλοιδόρησεν
327 3523 425 3618 ἀργῇ,
442 3525 552 3600 πολλὰ
563 3537 717 3618 κακίζων
733 3527 797 3598 τόν
812 3551 852 3595 τε
866 3519 1014 3611 δηνλοηον
1026 3509 1093 3574 *ὦ
1146 3609 1149 3613 .
1174 3564 1178 3571 =
1196 3510 1201 3519 ¹
