2422 3780
404 172 754 230 ΠΑΡΜΕΝΙΔΗΣ.
1059 171 1079 234 3

66 329 230 417 άνόμοια,
253 337 351 399 τοῦτο
370 335 406 399 δὲ
424 329 463 416 δη
485 328 668 398 ἀδύνατον·
691 328 768 397 οὔτε
789 331 853 417 γάρ
876 332 915 399 τὰ
938 330 1079 417 άνόμοια

67 429 171 516 ὅμοια
195 425 273 497 οὔτε
294 427 334 497 τά
351 427 450 515 όμοια
467 427 608 514 άνόμοια
632 423 763 496 οἷόντε
785 428 885 511 εἷναις
908 427 969 516 οὐχ
991 430 1079 498 οὕτω

66 531 192 613 λέγειςς
212 527 327 612 Οὕτω,
340 528 444 613 φάναι
456 527 516 597 τὸν
527 528 676 613 Ζήνωνα.
723 527 860 596 Οὐκοῦν
873 534 904 597 εἰ
912 527 1080 599 άδύνατον

66 628 109 695 τά
128 653 164 694 τε
187 624 329 714 άνόμοια
353 626 450 713 ὅμοια
469 626 552 695 εἶναι
572 627 628 694 καλ
644 627 684 693 τά
696 625 794 713 ὅμοια
815 625 973 715 άνόμοια,
995 628 1079 697 άδύ-

66 751 174 793 νατον
192 731 232 812 δη
251 729 306 793 καλ
323 723 430 792 πολλοὶ
443 723 541 792 εἶναι·
565 730 595 792 εἰ
609 723 674 810 γάρ
693 727 798 793 πολλά
817 736 883 813 εἴη,
906 727 1026 812 πάσχοι
1037 724 1080 794 άν

66 822 108 893 τά
131 823 299 905 άδόνατας
321 817 387 910 άρα
405 823 506 891 τοῦτό
523 826 612 892 ἐστιν
630 820 649 891 ό
665 826 848 911 βούλονταί
858 826 1078 912 σουολλόχοι,

66 921 132 991 οὐκ
151 921 232 990 ἄλλο
250 949 282 990 τι
297 917 318 1008 ἢ
336 922 555 1008 διαμάχεσθαι
572 921 660 1009 παρά
680 922 838 992 πάντατά
851 923 1023 1011 λεγόμενα,
1037 922 1080 1002 ὡς

67 1019 110 1090 οὐ
122 1020 232 1088 πολλά
244 1023 328 1103 ἐστις
350 1023 405 1088 καλ
421 1020 543 1088 τούτου
554 1018 659 1089 αὐτοῦ
671 1033 732 1091 οἱέι
744 1043 796 1091 σοι
808 1024 986 1111 τεκμήριον
997 1023 1080 1092 ελυαι

67 1124 286 1189 ἕκαστοντῶν
295 1119 416 1204 λόχων,
428 1118 511 1186 ὥστε
521 1120 576 1186 καλ
586 1117 662 1207 ἡγεῖ
669 1129 814 1189 τοσαῦτα
825 1124 983 1210 τεκμήρια
994 1147 1080 1210 παρ-

69 1223 217 1306 έχεσθαι,
241 1217 341 1296 όσους
350 1242 412 1302 περ
423 1219 544 1304 λόγους
553 1222 733 1306 γέγραφας,
756 1218 800 1300 ὡς
810 1220 947 1289 οὐκέστι
956 1223 1079 1304 πολλάς

66 1317 160 1388 οὕτω
173 1322 287 1403 λέγεις,
300 1311 322 1403 ἢ
333 1315 396 1401 ἐμοὶ
412 1315 474 1384 οὐκ
486 1315 597 1404 ὀρθῶς
608 1321 873 1405 καταμανθάνω;
887 1321 971 1406 Οὔκ,
985 1318 1079 1407 άλλά,
1100 1335 1149 1391 1λ8

68 1417 178 1502 φάναι
199 1417 260 1484 τόν
280 1417 439 1502 Ζήνωνα,
461 1425 570 1496 καλῶς
587 1426 734 1504 συνῆκας
753 1418 836 1486 όλον
851 1418 887 1486 τό
908 1418 1080 1507 χράμμαό

68 1518 235 1605 βούλεται.
280 1516 478 1598 Μανθάνω,
501 1522 605 1584 εἰπεῖν
623 1517 682 1586 τόν
700 1519 880 1604 Σωκράτη,
903 1512 1081 1604 ὥΠαρμε-

70 1622 160 1702 νίδη,
172 1614 225 1682 ότι
231 1615 353 1702 Ζήνων
362 1611 383 1682 ό
385 1618 421 1681 δε
432 1611 474 1680 οὐ
486 1614 594 1700 μόνον
604 1624 644 1704 τῇ
657 1614 740 1703 άλλη
750 1639 812 1684 σον
822 1626 916 1706 φιλίᾳ
927 1619 1082 1704 βούλεται

68 1714 278 1809 φ’κειῶσθαι,
302 1712 386 1781 άλλά
410 1715 465 1780 καὶ
488 1720 535 1801 τῷ
553 1714 792 1800 συγγράμματι.
816 1713 939 1783 ταύτόν
950 1715 1013 1802 γάρ
1024 1721 1080 1802 χέ-

67 1841 181 1902 μραφε
193 1815 320 1901 τρόπον
336 1811 410 1881 τινά
422 1812 504 1898 ὅπερ
518 1813 577 1895 ον’,
595 1814 812 1901 μεταβάλλων
824 1815 860 1883 δὲ
870 1811 954 1901 ἡμᾶς
966 1823 1080 1897 πειρά-

67 1941 124 1982 ται
136 1906 302 2002 ἐξαπατηῖν
312 1910 356 1992 ὥς
367 1912 482 1999 ἔτερόν
493 1940 524 1980 τι
533 1915 649 1999 λέγων.
661 1912 704 1980 σι)
714 1917 773 2000 μὲν
784 1915 848 2001 γάρ
859 1918 896 1982 ἐν
905 1929 973 1992 τοῖς
984 1915 1081 2000 ποιη-

69 2036 177 2100 μασιν
187 2017 225 2081 ἓν
237 2012 304 2101 φης
315 2013 400 2081 εἶναι
414 2011 450 2082 τό
464 2021 548 2096 πᾶν,
566 2013 622 2080 καλ
637 2012 766 2081 τούτων
777 2013 937 2099 τεκμήρια
948 2018 1080 2099 παρέχει
1099 2037 1118 2086 B

69 2121 183 2191 καλοός
194 2138 228 2179 τε
239 2115 295 2180 καλ
307 2103 358 2179 εὖ·
382 2111 439 2180 όδε
452 2112 488 2180 δὲ
499 2104 543 2179 αὖ
555 2111 596 2178 οὐ
608 2115 714 2180 πολλά
728 2132 831 2199 φησιν
843 2112 943 2199 εἶναι,
960 2115 1081 2199 τεκμή-

70 2238 126 2299 ρια
140 2211 176 2279 δὲ
188 2208 289 2289 αὐτὸς
303 2211 481 2296 πάμπολλα
498 2212 554 2279 καὶ
565 2215 761 2298 παμμεγέθη
774 2214 957 2298 παρέχεται.
970 2209 1006 2279 τὸ
1020 2206 1082 2279 οὖν

71 2309 134 2378 τόν
145 2311 207 2396 μὲν
218 2313 256 2376 ἓν
268 2308 392 2394 φάναι,
414 2308 474 2378 τόν
487 2313 522 2378 δὲ
534 2307 578 2396 μη
593 2312 715 2396 πολλά,
740 2312 796 2379 καλ
807 2309 913 2390 οὕτως
925 2310 1081 2396 ἑκάτερον

71 2413 193 2495 λέγειν,
207 2406 291 2476 όόστε
304 2408 409 2495 μηδὲν
419 2416 488 2475 τῶν
499 2405 611 2476 αὐτῶν
623 2412 788 2495 εἰρηκέναι
799 2413 910 2476 δοκεῖν
922 2409 1041 2494 σχεδόν
1053 2436 1083 2475 τι

33 2543 39 2551 ·
72 2511 232 2593 λέγοντας
253 2503 373 2593 ταύτά,
396 2504 481 2595 ὑπὲρ
498 2504 584 2594 ἡμᾶς
601 2508 677 2586 τοὺς
697 2506 821 2585 ἄλλους
838 2513 990 2592 φαίνεται
1001 2504 1083 2594 ὑμῖν

71 2605 113 2675 τά
126 2611 282 2693 εἰρημένα
294 2611 456 2692 εἰρῆσθαι.
501 2612 585 2694 Ναί,
600 2608 703 2692 φάναι
717 2607 777 2674 τόν
787 2607 945 2694 Ζήνωνα,
966 2601 1083 2676 032&-

73 2731 200 2793 κρατες.
223 2703 312 2772 οὐδ’
327 2697 391 2772 οὖν
407 2705 470 2792 τὴν
488 2705 652 2793 άλήθειαν
670 2713 733 2773 τοῦ
744 2706 934 2793 γράμματος
945 2705 986 2775 οὐ
998 2732 1084 2774 παν-

74 2811 178 2890 ταχοῦ
193 2801 357 2891 ᾔσθησαι·
385 2812 492 2874 καίτοι
505 2804 615 2888 άσπερ
632 2831 670 2890 χε
688 2809 725 2872 αἱ
739 2805 905 2874 Λάκαιναι
922 2808 1085 2886 σκύλακες
1104 2823 1123 2873 0

74 2895 113 2971 εὖ
136 2911 291 2989 μεταθεῖς
311 2928 347 2970 τε
364 2906 419 2972 καλ
436 2905 577 2990 ἰχνεύεις
588 2904 627 2973 τά
645 2908 822 2990 λεχθέντα·
845 2904 929 2974 ἀλλά
950 2914 1085 2992 πρῶτον

75 3005 138 3089 μέν
149 3019 188 3069 σε
205 3008 304 3069 τοῦτο
316 3004 497 3091 λανθάνει,
520 3003 571 3072 ότι
583 3001 624 3072 οὐ
637 3003 848 3071 παντάπασιν
859 3002 947 3071 οὕτω
960 3004 1084 3089 σεμνό-

74 3127 167 3169 νετνι
178 3096 215 3167 τὸ
226 3099 380 3187 γράμμα,
399 3101 484 3171 ὥστε
494 3101 579 3190 άπερ
591 3099 634 3170 οὐ
645 3105 750 3188 λέγεις
762 3104 943 3190 διανοηθὲν
952 3112 1085 3190 γραφῆ-

77 3228 142 3286 ναι,
154 3196 233 3278 τοὺς
244 3195 450 3285 ἀνθρώπους
467 3202 504 3271 δὲ
521 3202 808 3290 ἐπικρυπτόμενον
819 3200 864 3282 οός
875 3228 907 3268 τι
917 3207 1000 3288 μέγα
1011 3208 1085 3270 δια-

76 3297 320 3386 πραττόμενον·
344 3297 428 3368 άλλολ
445 3299 489 3368 σύ
503 3300 565 3387 μὲν
581 3301 668 3380 εἶπες
684 3309 754 3369 τῶν
765 3301 1027 3390 συμβεβηκότων
1043 3330 1084 3387 τι,

76 3406 144 3468 ἔστι
166 3399 202 3470 δέ
224 3397 263 3466 τό
279 3425 316 3484 με
334 3395 458 3487 άληθές
475 3401 617 3489 βοήθειά
627 3429 675 3484 τις
686 3409 790 3472 ταῦτα
802 3399 845 3472 τά
853 3402 1094 3491 ηρόμματιιπέη

915 3497 958 3556 X}
