2408 3780
11 132 14 137 ’
59 172 95 227 σε
412 163 731 222 ενΜαοΣιοα.
1010 162 1068 224 193

58 350 117 411 μοι
139 328 252 406 ἐδοξεν
270 320 358 392 οὕτω
378 333 455 393 θεῖα
471 326 527 392 καὶ
542 331 650 409 χρυσοῖ
668 320 822 390 εἶναικαὶ
844 323 995 408 πάγκαλα
1017 327 1071 392 καὶ
1088 330 1137 387 21⁷

60 423 259 510 θαυμαστά,
282 421 365 490 ὥστε
388 425 543 509 ποιητέον
558 421 642 489 εἶναι
659 423 696 488 έν
714 418 864 507 βραχεῖὸ
888 447 919 487 τι
941 425 1071 491 κελεύοι

60 520 255 607 Σωκράτης.
276 516 462 607 ἡγούμενος
479 521 515 589 δέ
531 516 635 587 αὐτὸν
646 522 886 588 ἐσπουδακέναι
896 522 947 588 έπὶ
957 527 998 608 τῇ
1009 524 1070 608 ἐμή

62 616 135 707 δρηι
151 619 290 705 ἕρμαιον
305 616 482 706 ἡγησάμην
499 617 583 686 εἶναι
601 620 655 685 καὶ
666 615 833 705 εὐτύχημα
844 616 925 705 έμόν
936 628 1070 704 θαυμα-

62 714 155 799 στόν,
170 712 215 794 ἀς
226 712 379 801 ὑπάρχον
387 741 444 802 μοι
454 716 661 803 χαρισαμένμ
672 716 844 800 Σωκράτει
855 715 955 784 πάντ’
967 715 1071 784 ἀκού-

64 831 119 881 σαι
129 809 257 900 ὅσαπερ
269 803 368 892 οὖτος
376 810 466 900 ήδει·
478 812 647 899 ἐφρόνουν
656 810 720 896 νάρ
733 811 774 899 δή
784 816 837 882 ἐπὶ
848 822 889 903 τῇ
899 813 970 902 ὥρη
983 824 1070 881 θαυ-

10 988 12 995 ,
64 911 186 999 μα’σιον
196 910 289 980 ὅσον.
307 919 411 980 ταῦτα
423 905 486 981 οὖν
498 917 702 999 διανοηθείς,
721 912 785 996 πρὸ
797 922 859 983 τοῦ
870 912 932 982 ούκ
944 915 1072 992 εἰωθός

64 1008 147 1080 ἀνευ
162 1009 359 1080 ἀκολούθου
374 1011 478 1096 μόνος
494 1009 565 1097 μετ’
579 1008 684 1078 αὐτοῦ
695 1018 886 1098 γίγνεσθαι,
903 1013 976 1080 τότε
987 1011 1071 1081 ἀπο-

65 1108 202 1195 πέμπων
224 1106 285 1177 τόν
310 1107 504 1178 ἀκόλουθον
531 1108 634 1194 μόνος
657 1109 911 1197 συνεχιγνόμην.
935 1116 988 1179 δεῖ
1005 1113 1107 1197 γάρΒ

10 1236 15 1299 [
65 1206 147 1297 πρός
167 1205 256 1294 ὑμᾶς
276 1206 385 1274 πάντα
406 1205 536 1291 τάληθῆ
563 1212 682 1273 εἰπεῖν·
710 1205 794 1274 ἀλλά
819 1213 991 1294 προσέχετε
1012 1208 1071 1277 τὸν

10 1326 16 1439 χ
65 1312 167 1391 νοῦν,
185 1306 242 1374 καὶ
252 1310 282 1373 εἰ
291 1304 471 1391 ψεύδομαι,
490 1304 682 1389 Σώκρατες,
701 1306 853 1392 ἐξέλεγχε.
874 1308 1071 1393 συνεχιγνό-

66 1430 129 1491 μην
139 1402 223 1491 χάρ,
246 1395 421 1491 όάνδρες,
444 1402 547 1489 μόνος
563 1402 672 1490 μόνον,
695 1405 750 1471 καὶ
762 1402 858 1492 ᾤμην
869 1403 987 1471 αὐτίκα
999 1410 1070 1473 δια-

65 1502 219 1583 λέξεσθαι
229 1499 334 1569 αὐτόν
344 1527 402 1587 μοι
419 1499 503 1586 ἅπερ
521 1496 565 1567 ἀν
581 1498 718 1587 ἐραστής
733 1507 895 1581 παιδικοῖς
906 1507 942 1570 ἐν
953 1505 1071 1589 ἐρημίη

66 1604 270 1687 διαλεχθείη,
282 1602 338 1668 καὶ
355 1606 495 1686 ἔχαιρον.
507 1597 680 1667 τούτωνδ’
700 1597 741 1666 ού
752 1600 841 1686 μύλα
852 1604 997 1686 ἐγίγνετο
1011 1600 1071 1667 οὐ·

16 1778 19 1783 ,
66 1703 137 1785 δέν,
159 1694 233 1766 ἀλλ’
259 1696 371 1781 ὥσπερ
390 1696 504 1766 εδοέθει
521 1699 704 1783 διαλεχθεὶς
721 1696 764 1764 ἀν
780 1723 835 1783 μοι
852 1701 908 1766 καὶ
926 1719 1071 1785 συνημε-

65 1795 187 1883 ρεύσας
199 1793 301 1885 ηόχετο
319 1793 435 1862 ἀπιόν.
459 1792 540 1881 μετὰ
551 1803 655 1862 ταῦτα
667 1797 954 1882 ξυγγνμνάζεσθαι
965 1796 1071 1882 πρού-

10 1898 24 1983 ἶζ-
63 1894 240 1979 καλούμην
260 1889 364 1960 αύτόν
384 1896 440 1960 καὶ
465 1894 777 1980 συνεγυμναζόμην,
801 1894 845 1974 ἀς
866 1922 897 1962 τι
921 1899 1070 1963 ἐνταῦθα
1089 1896 1108 1945 ⁰

63 1998 231 2080 κεραυνόν.
256 1990 519 2078 συνεγυμνάζετο
537 1985 601 2058 ούν
617 2019 673 2078 μοι
690 1996 745 2060 καὶ
756 1994 977 2078 προσεπάλαιε
989 2004 1071 2062 πολ-

65 2092 159 2170 λά-ιιις
175 2087 315 2170 ούδενὸς
325 2091 506 2173 παρόντος·
519 2095 573 2159 καὶ
584 2101 616 2158 τί
627 2096 680 2159 δεῖ
690 2094 815 2177 λέχειν;
828 2090 927 2160 ούδέν
938 2093 1003 2178 γάρ
1015 2120 1071 2179 μοι

50 2190 169 2259 ’πλέον
181 2181 234 2274 ἦν.
245 2187 357 2275 ,ἐπειδή
370 2191 405 2257 δὲ
415 2189 547 2277 οὐδαμῇ
557 2190 661 2277 ταύτη
672 2189 815 2277 ἤνυτον,
833 2193 924 2272 ἔδοξέ
933 2217 989 2277 μοι
1000 2196 1071 2258 ε’πι-

62 2289 185 2355 δετέον
196 2285 338 2376 εἶναιτῷ
349 2285 446 2372 ἀνδρὶ
457 2286 541 2354 κατὰ
559 2287 595 2355 τὸ
607 2287 772 2372 καρτερὸν
783 2292 838 2357 καὶ
849 2288 911 2355 ούκ
923 2287 1070 2369 ἀνετέον,

60 2384 240 2471 ἐπειδήπερ
253 2385 478 2473 έχκεχειρήκη,
502 2384 584 2453 ἀλλά
603 2389 711 2454 ἰστέον
723 2385 786 2473 ήδη
797 2394 831 2453 τί
839 2390 906 2454 ἐστι
917 2385 954 2453 τό
967 2395 1074 2471 πρᾶγ-

59 2508 118 2569 μα.
132 2489 364 2567 προκαλοῦμαι
375 2481 415 2569 δή
427 2481 532 2551 αύτόν
544 2483 626 2567 πρὸς
636 2480 674 2549 τό
688 2488 916 2568 συνδειπνεῖν,
929 2481 1071 2568 ἀτεχνῶς

62 2576 179 2662 ὥσπερ
191 2578 329 2664 ἐραστής
338 2584 502 2659 παιδικοῖς
509 2580 747 2667 ἐπιβουλεύων.
757 2588 815 2649 καί
820 2606 877 2668 μοι
887 2579 965 2650 οὐδὲ
972 2587 1071 2648 τοῦτο
1088 2587 1109 2635 Ι)

61 2674 147 2763 ταχύ
159 2674 369 2765 ὑπήκουσεν,
392 2678 481 2765 ὅμως
498 2678 530 2746 δ’
545 2673 610 2747 ούν
620 2679 730 2768 χρόνῳ
743 2683 889 2767 ἐπείσθη.
911 2677 1072 2764 ἐπειδὴδὲ

60 2775 202 2863 ἀφίκετο
214 2775 251 2845 τό
263 2787 413 2865 πρῶτον,
426 2779 605 2868 δειπνήσας
616 2778 747 2847 ἀπιέναι
757 2780 922 2867 ἐβούλετο.
934 2782 989 2847 καὶ
999 2780 1072 2847 τότε

60 2880 125 2963 μὲν
135 2878 376 2963 αἰσχυνόμενος
387 2875 501 2966 ἀφῆκα
512 2877 632 2947 αὐτόν·
656 2872 757 2959 αὖθις
769 2879 806 2948 δὲ
822 2877 1071 2966 ἐπιβουλεύσας,

60 2972 177 3062 ἐπειδή
188 2977 427 3064 ἐδεδειπνήκει,
441 2978 636 3065 διελεγόμην
647 2977 762 3063 πόρρω
773 2984 841 3046 τῶν
852 2983 1001 3060 νυκτῶν,
1017 2977 1072 3040 καὶ

60 3074 177 3161 ἐπειδή
188 3074 341 3162 ἐβούλετο
353 3075 494 3162 ἀπιέναι,
507 3076 731 3165 σκηπτόμενος
742 3075 792 3143 ὅτι
802 3072 863 3154 όψέ
873 3082 934 3158 ελη,
946 3092 1073 3157 προση-

59 3173 215 3260 νάγκασα
225 3172 331 3245 αὐτόν
341 3181 462 3263 μένειν.
476 3175 659 3245 ἀνεπαύετο
671 3168 735 3242 ούν
744 3178 780 3242 έν
790 3180 830 3262 τῇ
842 3176 979 3260 ἐχομένη
990 3173 1073 3256 ἐμοῦ
1160 3233 1162 3236 ⁴
1179 3188 1197 3205 ··

59 3281 179 3365 κλίνη,
198 3276 235 3342 ἐν
247 3266 333 3362 ήπερ
345 3277 503 3362 ἐδείπνει,
522 3277 576 3343 καὶ
588 3273 696 3354 οὐδεὶς
707 3277 744 3343 ἐν
754 3281 801 3364 τῷ
812 3271 963 3360 οἰκήματι
973 3267 1073 3347 ἀλλος
1138 3293 1139 3298 ’

59 3370 273 3463 ποιδηδδενή
284 3371 386 3462 ἡμεῖς.
409 3377 502 3462 μέχρι
513 3377 573 3461 μὲν
584 3366 648 3442 οὖν
660 3372 699 3461 δή
713 3379 812 3459 δεῦρο
823 3379 884 3441 τοῦ
895 3373 998 3458 λόχου
1009 3398 1069 3438 κα·
1089 3368 1113 3421 Ε

149 3471 243 3525 Puro
258 3471 290 3526 Π.
897 3473 937 3525 KQ
