2408 3780
102 151 164 216 158
226 158 229 162 ’
467 151 750 212 ΠΛΑΤΩΝΟΖ
1071 163 1109 216 20

102 312 203 400 μεστή
220 315 309 380 ἐστιν
328 311 525 399 ἀμφοτέρων
547 310 692 395 τούτων,
716 314 771 381 καὶ
790 313 926 380 ἐπειδὰν
948 315 1009 399 μὲν
1026 312 1112 399 πρὸς

104 409 227 496 ἀλληλα
247 417 309 477 τοῦ
330 417 471 497 κοσμίου
488 409 569 495 τύχη
587 412 707 494 ἔρωτος
724 406 746 476 δι’
764 416 830 477 νῦν
847 409 887 496 δη
906 410 970 496 ἐγώ
982 417 1110 497 ἔλεγον,

62 585 64 591 .
104 509 144 575 ια’
161 533 196 576 τε
213 508 322 595 θερμὰ
342 509 396 576 καί
413 506 452 574 τδι
470 507 579 592 ψυχρὰ
597 510 650 573 καί
666 507 748 593 ξηρδ
761 510 815 576 καὶ
826 505 925 595 ύγρά,
938 509 992 577 καὶ
1003 506 1112 596 ἁρμο-

104 613 179 673 υιάν
198 609 252 674 καὶ
270 613 391 693 κρᾶσιν
405 605 492 693 λάβη
503 604 677 688 σώφρονα,
696 604 769 690 ἥκει
782 608 927 693 φέροντα
937 604 1112 693 εὐετηρίαν

104 732 138 773 τε
159 707 214 774 καὶ
235 702 364 790 ὑγίειαν
385 702 578 789 ἀνθρώποις
599 705 653 770 καί
676 717 742 781 τοῖς
765 701 877 782 ἀλλοις
894 705 986 785 ζωόις
1003 733 1038 774 τε
1055 712 1112 775 καί

105 818 236 889 φυτοῖς,
258 805 312 870 καὶ
326 800 425 871 οὐδὲν
441 798 612 888 ἠδίκησεν·
635 798 717 868 ὅταν
734 801 768 870 δὲ
787 797 804 868 δ
822 800 902 886 μετὰ
913 809 970 889 τῆς
981 802 1113 891 ὕβρεως

95 904 200 989 Ἔρως
208 904 459 989 ἐγκρατέστερος
470 902 544 988 περὶ
555 897 612 978 τὰς
624 906 685 966 τοῦ
696 903 852 968 ἐνιαυτοῦ
863 899 950 985 ὥρας
965 906 1110 990 γένηται,

64 1021 84 1071 Β
104 1007 290 1087 διαφθείρει
302 1026 335 1067 τε
345 996 450 1066 πολλὰ
460 1003 512 1066 καί
521 995 685 1085 ἠδίκησεν.
699 1001 733 1065 οἴ
741 1023 775 1064 τε
784 997 848 1084 γὰρ
858 1002 966 1085 λοιμοὶ
975 1009 1110 1086 φιλοῦσι

104 1106 279 1184 γίγνεσθαι
288 1100 400 1165 ἐκτῶν
410 1096 570 1164 τοιούτων
581 1097 635 1162 καὶ
646 1092 713 1163 ἀλλ’
728 1088 773 1164 αὖ
784 1095 881 1182 ὅμοια
890 1096 996 1165 πολλοὶ
1008 1096 1112 1187 νοσή-

105 1223 190 1283 ματα
207 1198 261 1263 καὶ
278 1210 345 1275 τοῖς
361 1200 491 1282 θηρίοις
509 1195 647 1272 καὶτοῖς
672 1210 802 1281 φυτοῖς·
825 1201 880 1264 καί
900 1196 965 1285 γάρ
991 1196 1110 1283 πάχναι

106 1296 160 1362 καὶ
170 1293 304 1380 χάλαζαι
315 1297 369 1361 καί
382 1295 530 1379 ἐρυσίβαι
548 1295 583 1360 ἐκ
601 1299 788 1373 πλεονεξίας
799 1296 854 1361 καὶ
866 1291 1025 1381 ἀκοσμίας
1036 1296 1110 1380 περὶ

105 1392 230 1478 ἄλληλα
248 1401 315 1459 τῶν
336 1390 499 1458 τοιούτων
519 1395 665 1474 γίγνεται
681 1393 862 1477 ἐρωτικῶν,
886 1383 935 1459 ιδν
952 1393 1110 1480 ἐπιστήμη

106 1492 180 1578 περὶ
202 1489 333 1577 ἄστρων
356 1515 390 1557 τε
413 1485 520 1575 φορὰς
541 1489 596 1555 καὶ
616 1491 778 1556 ἐνιαυτοῖν
800 1486 887 1574 ύρας
908 1487 1110 1577 ἀστρονομία

106 1596 259 1655 καλεῖται.
283 1592 329 1656 ἔτι
346 1592 463 1655 τοίνυν
484 1588 540 1655 καί
561 1592 678 1654 θυσίαι
699 1595 801 1655 πᾶσαι
823 1588 877 1656 καὶ
900 1582 948 1667 οἷς
970 1587 1108 1674 μαντικὴ

69 1704 87 1755 c
106 1689 324 1753 ἐπιστατεῖ-
339 1694 443 1754 ταῦτα
461 1682 493 1752 δ’
512 1682 634 1771 ἐστὶνὴ
652 1687 724 1769 περὶ
743 1686 846 1764 θεούς
861 1712 895 1754 τε
908 1688 961 1754 καὶ
972 1683 1108 1770 ἀνθρύ-

108 1808 190 1862 πους
207 1782 290 1871 πρὸς
306 1780 470 1871 ἀλλήλους
487 1793 645 1854 κοινωνία
659 1825 695 1836 -
708 1781 750 1851 ού
766 1785 840 1871 περὶ
857 1782 936 1852 ἀλλο
948 1788 982 1851 τί
990 1777 1110 1869 ἐστινῆ

107 1883 178 1967 περί
193 1880 337 1968 ’Ἑρωτος
354 1882 509 1971 φυλακήν
527 1908 561 1951 τε
578 1886 633 1951 καὶ
650 1893 747 1951 ῖασιν.
770 1890 860 1949 παῖσα
871 1880 934 1968 γὰρ
946 1878 966 1968 ἡ
977 1879 1110 1968 ἀσέβεια

108 1987 200 2063 φιλεῖ
207 1988 396 2068 γίγνεσθαι,
421 1981 480 2049 ἐὰν
491 1981 535 2068 μή
546 2008 595 2061 τις
610 1988 657 2072 τῷ
674 1986 798 2070 κοσμίω
814 1979 930 2065 Ἔρωτι
946 1985 1109 2066 χαρίζηται

106 2080 187 2164 μηδὲ
205 2087 283 2170 τιμᾷ
298 2105 333 2147 τε
352 2076 456 2147 αύτδν
470 2083 523 2147 καί
541 2079 708 2167 πρεσβεύη
726 2082 763 2146 ἐν
785 2080 882 2147 παντὶ
903 2083 1003 2168 ἔργω,
1028 2074 1111 2145 ἀλλὰ

108 2178 203 2261 [περὶ]
215 2176 274 2244 τδν
286 2179 409 2264 ἕτερον,
422 2179 477 2245 καὶ
489 2178 562 2263 περὶ
573 2179 690 2263 γονέας
701 2181 755 2245 καί
767 2184 889 2258 ζωυτας
897 2178 951 2245 καὶ
963 2182 1111 2244 τετελευ-

106 2274 245 2361 τηκότας
263 2280 317 2344 καὶ
335 2279 409 2361 περὶ
426 2277 543 2357 θεούς·
567 2273 588 2345 δ
606 2275 646 2365 δὴ
664 2279 899 2362 προστέτακται
916 2283 958 2362 τῇ
969 2281 1112 2363 μαντικῇ

107 2377 296 2444 ἐπισκοπεῖν
313 2374 403 2462 [τούς
411 2374 566 2463 Ἔρωτας]
584 2378 639 2445 καὶ
653 2375 834 2461 ίατρεύειν,
857 2374 911 2442 καί
928 2378 1018 2440 ἔστιν
1033 2365 1110 2459 αύὴ

69 2497 90 2547 ι)
108 2471 246 2560 μαντικὴ
264 2480 375 2559 φιλίας
392 2481 485 2542 θεῶν
502 2476 556 2543 καὶ
567 2473 761 2560 ἀνθρώπων
772 2471 971 2560 δημιουργὸς
982 2479 1028 2560 τῷ
1039 2473 1112 2539 ἐπί-

107 2579 249 2637 στασθαι
265 2571 304 2638 τὰ
323 2569 405 2639 κατδι
429 2570 633 2658 ἀνθρώπους
654 2570 810 2658 ἐρωτικοί,
834 2569 896 2638 ὅσα
914 2574 1011 2637 τείνει
1028 2567 1112 2652 πρδς

106 2670 205 2751 θέμιν
216 2668 269 2734 καὶ
280 2664 443 2755 ἀσέβειαν.
468 2669 555 2738 οὕτω
567 2670 693 2757 πολλὴν
703 2672 757 2739 καί
768 2668 925 2757 μεγάλην,
937 2674 1064 2754 μᾶλλον
1076 2669 1112 2733 δὲ

106 2773 217 2832 πᾶσαν
229 2765 375 2852 δύναμιν
384 2773 447 2853 ἔχει
458 2767 646 2856 ξυλλήβδην
656 2768 717 2854 μὲν
729 2765 747 2836 ὁ
760 2763 948 2853 πᾶςἝρως,
961 2761 978 2832 ὁ
990 2764 1025 2833 δὲ
1036 2766 1109 2846 περὶ

105 2861 237 2948 τάγαθὰ
254 2861 334 2951 μετὰ
353 2865 574 2951 σωφροσύνης
592 2868 646 2933 καὶ
663 2862 876 2953 δικαιοσύνης
887 2860 1112 2949 ἀποτελούμε-

105 2987 164 3042 νος
180 2962 235 3030 καὶ
257 2958 336 3048 παρ’
356 2958 435 3049 ἡμῖν
452 2964 506 3030 καὶ
524 2960 613 3047 παρὰ
630 2973 739 3048 θεοῖς,
762 2954 861 3042 ούτος
876 2961 938 3049 τὴν
954 2966 1111 3049 μεγίστην

106 3062 251 3148 δύναμιν
267 3065 332 3146 ἔχει
348 3062 403 3129 καί
421 3069 531 3128 πᾶσαν
545 3058 625 3148 ἡμῖν
643 3058 858 3148 εὐδαιμονίαν
871 3058 1111 3145 παρασκευάζει

106 3161 159 3230 καί
169 3157 323 3248 ἀλλήλοις
334 3161 541 3245 δυναμένους
553 3156 679 3246 ὁμιλεῖν
687 3162 742 3227 καὶ
754 3165 872 3243 φίλους
884 3155 965 3225 εἶναι
978 3156 1111 3236 καὶτοῖς

41 3298 44 3307 -
70 3273 89 3324 α
106 3263 288 3342 κρείττοσιν
303 3253 399 3344 ἡμῶν
414 3265 516 3337 θεοῖς.
539 3267 617 3338 ίσως
628 3257 689 3344 μὲν
700 3247 764 3324 οὖν
774 3258 829 3325 καὶ
839 3253 903 3342 ἐγώ
915 3253 1110 3340 τδνἝρυτα

14 3374 24 3443 ’ἡ
104 3358 249 3423 ἐπαινεῖν
260 3352 365 3423 πολλὰ
376 3362 585 3442 παραλείπω,
604 3352 646 3423 ού
658 3358 771 3442 μέντοι
784 3355 870 3425 ἕκύν
882 3379 928 3442 γε.
950 3350 1021 3422 ἀλλ’
1038 3363 1072 3421 εῖ
1078 3381 1108 3421 τι
