2422 3780
138 184 203 249 238
502 181 787 240 ΠΛΑΤΩΝΘΣ
1093 189 1140 240 ιοο

98 363 120 414 Β
136 350 302 429 μακάριον
313 341 375 427 μὲν
386 344 440 408 καὶ
456 338 675 426 ὁμονοητικόν
692 339 752 407 τόν
768 334 893 408 ἐνθάδε
910 345 986 425 βίον
1003 337 1140 424 διάγου-

136 462 206 527 σιν,
228 443 394 524 ἐγκρατεῖς
412 437 589 507 αὐτῶνκαὶ
605 440 738 526 κόσμιοι
754 438 863 522 όντες,
887 439 1138 524 δουλωσάμενοι

135 542 197 627 μὲν
208 531 344 626 ἀκακία
356 545 462 625 ψυχῆς
472 541 666 624 ἐνεγίγνετο,
678 540 964 626 ἐλευθερώσαντες
975 540 1011 607 δὲ
1023 532 1052 628 ᾦ
1062 537 1139 624 ἀρε-

135 640 175 725 τή
184 666 191 678 ·
213 635 519 725 τελευτήσαντεςδέ
538 633 578 722 δή
595 632 777 722 ὑπόπτεροι
787 640 842 706 καὶ
853 640 990 724 ἐλαφροὶ
1000 639 1137 723 γεγονό·

136 765 189 817 τες
199 747 267 807 τόν
274 745 379 824 τριῶν
390 733 626 820 παλαισμάτων
635 743 703 804 τῶν
712 734 756 815 ὠς
767 732 900 822 ἀληθῶς
908 734 1140 822 Ὀλυμπιακων

138 841 177 905 ἐν
193 836 423 923 νενικήκασιν,
447 825 491 902 ού
506 839 617 918 μεῖζον
628 831 760 919 ἀγαθόν
772 833 848 902 ούτε
862 835 1066 922 σωφροσύνη
1079 834 1139 904 ἀν·

137 943 293 1022 θρωπίνη
305 935 383 1004 οὔτε
394 942 472 1003 θεία
481 939 583 1019 μανία
595 930 720 1020 δυνατή
733 941 868 1018 πορίσαι
878 931 1058 1022 ἀνθρώπῳ.
1082 933 1139 1002 ἐόν

100 1055 119 1106 c
138 1034 173 1102 δέ
185 1032 225 1119 δή
237 1039 343 1122 διαίτη
355 1035 578 1120 φορτικωτέρηι
589 1057 624 1098 τε
635 1032 690 1099 καὶ
701 1029 914 1120 ἀφιλοσόφφ,
930 1040 1092 1121 φιλοτίμῳ
1104 1035 1139 1101 δὲ

136 1131 338 1216 χρήσωνται,
351 1129 423 1216 τάχ’
435 1128 479 1198 ἀν
490 1154 557 1197 που
568 1133 606 1197 ἐν
616 1134 734 1216 μέθαις
743 1129 767 1218 ή
777 1156 842 1198 τινι
853 1129 936 1219 άλλη
947 1128 1083 1220 ἀμελείᾳ
1094 1131 1139 1199 τό

137 1227 309 1296 ἀκολάστω
328 1225 443 1295 αύτοῖν
460 1224 626 1313 ύποζυγίω
644 1230 784 1317 λαβόντε
799 1228 857 1308 τὰς
882 1228 989 1315 ψυχάς
1009 1227 1140 1315 ἀφρού-

138 1352 233 1412 ρους,
256 1326 479 1411 ξυναγαγόντε
490 1331 536 1405 είς
546 1324 685 1413 ταύτόν,
706 1325 1140 1416 τήνύπὸτώνπολλεῑνμα-

137 1425 295 1512 καριστήν
318 1429 445 1509 αἳρεσιν
466 1428 591 1511 είλέτην
613 1453 647 1494 τε
670 1428 725 1494 καὶ
743 1427 973 1510 διεπράξαντο·
994 1431 1049 1495 καὶ
1067 1434 1140 1495 δια-

137 1529 333 1613 πραξαμένω
344 1525 381 1594 τδ
394 1525 512 1594 λοιπόν
521 1523 585 1612 ήδη
596 1532 740 1612 χρῶνται.
750 1524 811 1611 μὲν
828 1522 928 1615 αὐτῇ,
953 1535 1075 1616 σπανία
1093 1530 1138 1611 δέ,

138 1626 195 1693 ἅτε
206 1623 247 1694 ού
257 1625 346 1714 πάση
359 1628 540 1713 δεδογμένα
550 1633 591 1713 τῇ
602 1629 732 1713 διανοίᾳ
743 1625 949 1709 πράττοντες.
983 1634 1068 1712 φίλω
1079 1627 1140 1714 μὲν

138 1717 201 1791 οὖν
212 1729 266 1792 καλ
284 1726 407 1808 τούτω,
432 1717 532 1811 ήττον
551 1725 586 1793 δὲ
603 1727 755 1812 ἐκείνων,
777 1723 935 1812 ἀλλήλοιν
954 1724 1008 1793 διά
1025 1752 1060 1793 τε
1078 1734 1140 1794 τού

98 1840 120 1890 D
139 1827 258 1906 ἔρωτος
275 1826 330 1890 καί
347 1829 407 1902 ἔξω
417 1827 585 1910 γενομένω
597 1824 765 1909 διάγουσι,
787 1832 909 1902 πίστεις
918 1819 976 1902 τός
985 1831 1140 1911 μεγίστας

136 1918 310 2006 ήγουμένω
328 1917 486 2006 ἀλλήλοιν
508 1925 686 1990 δεδωκέναι
708 1946 743 1988 τε
773 1925 826 1989 καὶ
847 1925 1015 2006 δεδέχθαι,
1039 1918 1077 1999 ἀς
1098 1921 1142 1990 ού

137 2017 276 2105 θεμιτόν
293 2017 376 2086 εἶναι
393 2020 557 2098 λύσαντας
570 2027 615 2097 είς
625 2026 751 2105 ἔχθραν
762 2021 839 2085 ποτὲ
850 2021 968 2084 ἐλθεῖν.
1002 2021 1039 2084 ἐν
1050 2021 1087 2084 δὲ
1099 2029 1142 2108 τῇ

137 2124 271 2202 τελευτῇ
289 2115 424 2199 ἀπτεροι
440 2120 516 2202 μέν,
542 2115 728 2202 ὡρμηκότες
745 2118 781 2185 δὲ
800 2123 1005 2199 πτεροῦσθαι
1025 2119 1142 2203 ἐκβαί-

137 2235 234 2281 νουσι
245 2223 305 2282 τοῦ
316 2214 481 2304 σώματος,
495 2215 579 2284 ιόστε
589 2213 630 2285 ού
642 2215 782 2302 σμικρόν
794 2208 902 2284 ἆθλον
912 2224 970 2302 της
981 2217 1141 2305 ἐρωτικῆς

136 2320 254 2401 μανίας
265 2315 438 2399 φέρονται·
455 2321 500 2394 είς
512 2312 575 2401 γὰρ
587 2316 708 2384 σκότον
717 2319 771 2385 καὶ
781 2312 844 2402 τήν
854 2312 919 2382 ὑπὸ
931 2322 991 2402 γής
1001 2322 1141 2400 πορείαν

137 2411 177 2480 ού
192 2414 294 2500 νόμος
305 2415 393 2482 ἐστὶν
402 2420 449 2483 ἐτι
460 2418 573 2485 ἐλθεῖν
583 2413 963 2501 τοῖςκατηργμένοιςήδη
973 2418 1140 2500 τήςέπου-

137 2520 255 2595 ρανίου
273 2519 421 2600 πορείας,
439 2511 523 2584 ἀλλά
535 2513 647 2601 φανόν
658 2521 732 2601 βίον
744 2515 919 2600 διάγοντας
931 2513 1141 2600 εὐδαιμονεῖν

99 2637 120 2686 E
138 2609 207 2696 μετ’
220 2609 373 2698 ἀλλήλων
385 2617 646 2701 πορευομένους,
667 2614 722 2682 καὶ
733 2611 937 2699 ὁμοπτέρους
948 2620 1068 2697 ἔρωτος
1078 2613 1140 2699 χά-

138 2735 207 2795 ριν,
220 2708 302 2778 όταν
313 2714 489 2798 γένωνται,
501 2715 667 2798 γενέσθαι.
763 2750 768 2757 ·

219 2814 384 2879 XXXVIII.
432 2818 542 2880 Ταῦτα
563 2821 721 2898 τοσαῦτα,
747 2804 856 2898 τόπαῖ,
880 2814 934 2879 καλ
954 2822 1031 2879 θεῖα
1050 2810 1140 2877 οὕτω

137 2928 189 2976 σοι
211 2906 392 2994 δωρήσεται
413 2907 433 2994 ή
451 2909 530 2997 παρ’
550 2915 692 2993 ἐραστοῦ
709 2919 817 2997 φιλία·
840 2909 860 2997 ἡ
880 2913 915 2978 δέ
933 2908 996 2977 ἀπὸ
1014 2916 1075 2975 τοῦ
1093 2907 1136 2994 μή

135 3011 277 3092 ε’ροῖντος
288 3007 463 3094 οἰκειότης,
476 3011 680 3100 σωφροσύνη
690 3019 798 3099 θνητή
811 3013 1013 3096 κεκραμένη,
1027 3007 1137 3094 θνητά

135 3110 235 3175 τεκαὶ
247 3105 392 3192 φειδωλοὶ
407 3114 646 3198 οίκονομούσα,
659 3109 898 3192 ἀνελευθερίαν
909 3106 974 3176 ὑπὸ
986 3107 1139 3193 πλήθους

134 3208 375 3293 ἐπαινουμένην
394 3203 436 3285 ὡς
452 3205 573 3296 ἀρετή-ν
584 3217 624 3298 τῇ
635 3217 715 3296 φίλη
725 3217 814 3297 ψυχή
825 3212 1019 3291 έντεκοῦσα,
1042 3210 1138 3274 ἐννέα

66 3339 117 3393 257
133 3307 279 3390 χιλιάδας
290 3310 374 3374 ἐτῶν
385 3309 460 3394 περί
470 3315 534 3395 γῆν
544 3309 809 3394 κυλινδονμένην
819 3305 924 3394 αύτήν
935 3309 988 3374 καὶ
999 3304 1065 3374 ὑπὸ
1078 3314 1139 3391 γῆς

135 3403 241 3471 ἀνουν
259 3411 397 3491 παρεἜει.
431 3405 515 3493 αὕτη
534 3429 602 3493 σοι,
627 3401 653 3474 τό
675 3415 749 3491 φίλε
761 3407 884 3495 Ἔρως,
909 3412 954 3484 είς
973 3403 1136 3492 ἡμετέραν
