2422 3780
141 154 202 232 190
492 172 783 233 ιιΛΑΤιιιιοΣ
1109 180 1146 232 ιι

141 332 317 418 ραβάλλειν
328 331 372 418 μὴ
385 329 448 400 οὐκ
461 336 493 412 ἐξ
503 341 580 400 ίσου
590 324 620 421 ᾖ.
644 333 698 399 καὶ
710 329 795 417 άμα,
818 321 1011 416 ύμακάριε,
1035 337 1143 400 πείθει

101 445 123 495 Ι)
138 436 173 497 τί
186 450 223 497 σε
241 428 422 516 Σωκράτης
440 421 488 497 ὦν
500 428 574 514 άρτι
590 427 695 508 είπεν;
717 422 739 513 ἦ
757 425 857 495 οἶσθα
877 425 928 494 ότι
945 424 1145 496 τούναντίον

140 528 207 596 ἐστὶ
217 522 316 614 πᾶνῆ
333 524 352 595 ό
369 531 498 614 ἔλεγενς
520 519 617 606 ούτος
632 527 713 613 γάρ,
735 525 794 594 ἐάν
809 551 883 593 τινα
901 522 964 611 ἐγω
982 526 1144 594 ἐπαινέσω

139 627 261 694 τούτου
279 626 444 712 παρόντος
464 621 492 718 ἢ
503 619 626 712 θεόνιῖ
649 623 834 708 ἄνθρωπον
852 621 956 690 ἄλλον
972 616 995 708 ἦ
1010 630 1142 704 τοῦτον,

139 721 201 793 οὐκ
212 723 369 810 άφέξεταί
376 751 442 812 μον
453 723 499 793 τά
510 738 606 810 χεῖρε.
654 718 727 790 Ούκ
739 718 956 808 εύφημήσειςς
968 720 1073 805 φάναι
1083 719 1144 788 τὸν

137 822 312 908 Σωκράτη.
362 820 424 891 Md
448 821 509 890 τόν
531 824 698 906 Ποσειδῶ,
722 823 826 887 εἰπεῖν
845 815 905 886 τὸν
923 814 1144 906 Ἀλκιβιάδην,

138 919 241 1004 μηδὲν
259 923 333 1004 λε’γε
345 919 429 1006 πρός
439 927 560 1005 ταῦτα,
585 917 630 998 ύς
646 915 710 1004 ἐγώ
724 913 797 985 οὐδ’
810 910 854 983 άν
865 917 924 983 ἕνα
935 915 1038 983 άλλον
1049 918 1141 983 ε’παι-

138 1017 268 1101 νέσαιμι
280 1024 344 1083 σού
355 1016 530 1098 παρόντος.
552 1012 638 1085 Ἀλλ’
650 1013 740 1083 οὕτω
751 1020 853 1100 ποίει,
867 1013 970 1099 φάναι
980 1010 1144 1097 τόνΈρυ--

138 1118 289 1199 ξίμαχον,
312 1118 342 1180 εί
356 1111 486 1199 βούλει·
509 1113 673 1199 Σωκράτη
694 1115 878 1180 ἐπαίνεσον.
923 1118 1001 1189 Πῶς
1022 1115 1144 1195 λέγειςς

138 1214 240 1277 εἰπεῖν
250 1207 543 1297 τὸνἈλκιβιάόην·
559 1214 653 1278 δοκεῖ
659 1218 792 1296 χρῆναι,
807 1202 1050 1295 άἘρνξίμαχε;
1072 1211 1143 1275 ε’πι-

98 1320 119 1370 E
137 1314 250 1392 θῶμαι
267 1314 315 1396 τῷ
328 1305 425 1392 άνδρὶ
442 1308 497 1376 καὶ
515 1306 748 1394 τιμωρήσωμαι
765 1304 861 1392 ὑμῶν
879 1309 1047 1387 ἐναντίονς
1072 1298 1140 1373 015-

136 1429 202 1492 τος,
216 1402 320 1490 φάναι
330 1402 391 1475 τόν
400 1407 576 1496 Σωκράτη,
589 1413 623 1473 τί
630 1408 667 1474 ἐν
675 1413 723 1496 νῷ
734 1412 830 1491 ἒχειςς
843 1407 894 1473 ἐπὶ
904 1404 944 1472 τά
954 1404 1143 1490 γελοιότερά

137 1527 176 1587 με
193 1503 389 1589 ἐπαινέσεις,
410 1499 483 1591 ἦτί
495 1505 657 1592 ποιήσειςς
683 1501 821 1590 Τάληθῆ
844 1507 916 1587 ἐρῶ.
941 1501 1015 1571 ἀλλ’
1035 1500 1097 1586 όρα
1116 1508 1144 1570 εἰ

138 1606 266 1688 παρίης.
309 1598 406 1670 Ἀλλά
417 1605 546 1690 μέντοι,
570 1602 691 1689 φάναι,
713 1600 753 1669 τά
765 1627 801 1686 γε
813 1598 924 1687 άληθη
938 1607 1076 1687 παρίημι
1088 1601 1143 1666 καὶ

138 1700 263 1766 κελεύω
273 1703 391 1785 λέγειν.
437 1699 510 1769 Ούκ
528 1696 572 1769 άν
590 1701 772 1788 φθάνοιμι,
796 1706 900 1768 εἰπεῖν
911 1699 969 1768 τόν
979 1697 1141 1786 Ἀλκιβιά-

113 1802 115 1807 ’
139 1801 210 1883 δην.
233 1799 287 1864 καὶ
304 1801 417 1883 μέντοι
435 1796 556 1867 οὑτωσὶ
574 1805 722 1886 ποίησον.
745 1796 805 1867 ἐάν
815 1825 846 1866 τι
856 1796 900 1885 μὴ
913 1796 1036 1885 άληθές
1047 1802 1144 1882 λέγω,

137 1890 258 1979 μεταξύ
270 1896 440 1986 ἐπιλαβοῦ,
454 1893 496 1964 άν
508 1896 629 1984 βούλῃ,
643 1898 698 1964 καὶ
712 1894 780 1964 είπέ
792 1894 843 1962 ὅτι
852 1903 950 1962 τούτο
963 1895 1142 1980 ψεύδομαι·

68 2011 121 2067 215
138 1994 225 2061 ἑκών
239 1990 305 2079 γάρ
324 1992 408 2062 εἶναι
426 1990 525 2060 οὐδὲν
547 1994 720 2078 ψεύσομαι.
743 1990 802 2058 ἐάν
823 1994 935 2076 μέντοι
957 1989 1139 2076 άναμιμνη·

139 2091 301 2176 σκόμενος
312 2089 392 2158 άλλο
404 2087 662 2173 άλλοθενλέγω,
685 2087 787 2176 μηδὲν
803 2087 995 2175 θανμάσης·
1020 2084 1060 2153 ού
1077 2087 1142 2170 γάρ

138 2214 167 2254 τι
185 2186 303 2275 ῥηίδιον
319 2185 381 2273 τὴν
398 2186 461 2271 σὴν
478 2182 618 2252 άτοπίαν
630 2176 692 2252 οἷδ’
709 2189 816 2270 ἔχοντι
832 2181 983 2270 εὐπόρως
999 2185 1053 2251 καὶ
1065 2187 1144 2269 ἐφε-

139 2292 194 2371 ξῆς
204 2290 457 2370 καταριθμῆσαι.

223 2384 345 2449 XXXII.
385 2381 550 2468 Σωκράτη
564 2378 597 2447 δ’
610 2380 674 2466 ἐγω
686 2384 844 2468 ἐπαινεῖν,
857 2372 884 2449 ά
897 2379 1025 2469 ἄνδρες,
1038 2379 1144 2462 οὕτως

139 2478 333 2567 ἐπιχειρήσω
341 2530 350 2567 ,
371 2477 416 2547 δι’
429 2479 579 2548 εἰκόνων.
592 2471 689 2560 οὗτος
701 2478 761 2567 μὲν
772 2472 836 2549 ούν
847 2490 925 2560 ίσως
936 2481 1080 2567 οίήσεται
1090 2481 1144 2548 ἐπὶ

139 2576 178 2646 τά
201 2577 408 2664 γελοιότερα,
431 2583 521 2645 ἐσται
539 2573 570 2643 δ’
592 2573 1078 2664 ἡείκώντούάληθοῦςὲνεκα,
1101 2574 1143 2643 ού

138 2682 199 2744 τοῦ
209 2682 350 2761 γελοίου.
364 2677 447 2764 φημί
456 2673 521 2762 γάρ
533 2673 573 2762 δὴ
585 2671 781 2761 ὁμοιότατον
789 2674 894 2746 αύτόν
902 2675 986 2745 είναι
996 2690 1064 2754 τοῖς
1075 2694 1144 2742 σει-

98 2795 120 2846 Β
138 2782 249 2859 ληνοῖς
270 2773 402 2854 τούτοις
421 2786 489 2851 τοῖς
510 2775 635 2851 ἐντοῖς
659 2773 908 2861 ἐρμογλνφείοις
929 2777 1142 2862 καθημένοις,

140 2871 198 2952 οὕς
214 2898 306 2954 τινας
322 2870 512 2959 ἐργάζονται
529 2875 563 2938 οί
580 2875 773 2959 δημιουργοὶ
796 2873 955 2960 σύριγγας
976 2867 999 2958 η’
1019 2869 1144 2951 αὐλούς

138 2979 287 3062 ἔχοντας,
311 2979 345 3042 ολ
360 2972 470 3058 διχάόε
482 2974 681 3059 όιοιχθέντες
697 2979 873 3058 φαίνονται
886 2976 1027 3039 ἔνδοθεν
1038 2968 1141 3056 άγάλ-

138 3100 224 3158 ματα
242 3078 371 3160 ἔχοντες
387 3083 489 3144 θεῶν.
511 3076 566 3144 καὶ
583 3077 668 3163 φημὶ
685 3069 730 3144 αὖ
747 3078 887 3145 ἐοικέναι
904 3072 1006 3143 αύτόν
1023 3082 1068 3161 τῷ
1082 3097 1136 3142 σα-

137 3171 227 3262 τύρφ
239 3179 285 3294 πρό
296 3175 454 3265 Μαρσύᾳ.
479 3173 603 3262 ὅτιμὲν
620 3165 685 3243 οὖν
700 3175 739 3243 τό
753 3199 791 3261 γε
804 3171 890 3252 εἶδος
900 3170 1012 3260 ὅμοιος
1024 3171 1052 3241 εί
1062 3172 1141 3241 τού-

136 3294 221 3353 τοις,
246 3297 272 3338 ω
292 3271 484 3357 Σώκρατες,
507 3271 582 3341 οὐδ’
605 3269 705 3352 αὐτὸς
722 3272 765 3360 δή
781 3296 847 3341 πον
863 3269 1141 3360 άμφισβητήσαις·

70 3458 80 3472 ’
137 3365 181 3448 ὡς
193 3368 229 3437 δὲ
245 3369 300 3438 καλ
311 3363 414 3440 τᾶλλα
426 3378 550 3457 ἔοικας,
572 3368 653 3457 μετά
671 3378 769 3440 τούτο
787 3369 899 3440 άκονε.
923 3367 1080 3458 ύβριστης
1097 3370 1140 3440 εἶ·
