2408 3780
154 151 197 213 40
283 142 288 148 ¹
449 169 453 175 ·
515 145 804 206 ΠΛΑΤΩΝΟΣ

156 310 207 397 66.
243 306 316 377 Οὐκ
330 305 395 393 άρα
411 313 480 374 τῶν
496 311 630 375 πολλῶν
648 300 725 372 οὐδὲ
743 303 878 372 πάντων
899 304 936 372 τὸ
957 301 1077 392 μόριον
1098 302 1159 391 μό-

155 435 245 495 ριον,
269 405 352 475 άλλὰ
361 413 438 492 μιᾶς
453 403 543 483 τινὸς
559 405 648 483 ίὸέας
664 403 721 471 καί
737 402 812 482 ἑνός
827 427 932 488 τινος,
955 399 974 470 6
990 409 1159 489 καλοῦμεν

115 528 136 577 Ε
154 505 250 590 ὅλον,
272 507 304 584 ἐξ
322 502 480 571 ἁπάντων
493 503 665 570 ἓντέλειον
676 501 828 587 γεγονός,
850 501 972 569 τούτου
982 501 1103 588 μόριον
1115 498 1159 569 άν

153 601 190 672 vo*
206 603 324 689 μόριον
336 612 396 689 είη.
425 601 621 668 Παντάπασι
632 600 693 684 μὲν
703 593 775 668 οὖν.
803 606 848 669 Εί
857 599 922 683 ἄρα
938 592 1041 668 τάλλα
1058 601 1159 687 μόρια

154 708 232 789 ἔχει,
245 698 310 770 κάν
319 707 381 769 τοῦ
393 700 475 769 ὅλου
485 724 520 766 τε
531 700 586 767 καί
597 696 673 778 ἑνὸς
683 702 819 786 μετέχοι.
847 699 946 767 Πάνυ
956 726 1003 784 γε.
1023 696 1082 766 Ἕν
1093 697 1159 783 άρα

154 799 235 869 ὅλον
254 805 380 869 τέλειον
400 799 501 886 μόρια
521 804 597 884 ἔχον
619 794 747 884 ἀνάγκη
769 797 854 866 εἷναι
873 790 977 866 τᾶλλα
995 805 1056 864 τοῦ
1072 798 1158 878 ἑνός.

150 897 302 984 Ἀνάγκη.
321 901 387 967 Καὶ
398 898 466 984 μὴν
476 899 532 966 καὶ
541 898 687 981 περὶτοῦ
697 904 816 981 μορίου
826 921 864 981 γε
875 896 1016 964 ἑκάστου
1027 893 1045 963 ὁ
1058 894 1158 977 αὐτὸς

154 998 260 1082 λόγος.
292 995 426 1081 καὶγὰρ
443 1003 541 1062 τοῦτο
559 993 687 1081 ἀνάγκη
704 998 850 1081 μετέχειν
865 1003 927 1062 τοῦ
939 995 1022 1073 ἑνός.
1053 1001 1084 1063 εί
1092 995 1158 1081 γὰρ

87 1112 137 1166 158
153 1097 292 1162 ἕκαστον
304 1092 417 1161 αὐτῶν
427 1092 550 1178 μόριόν
559 1095 636 1177 ἐστι,
647 1093 687 1160 τό
697 1119 735 1178 γε
746 1094 886 1161 ἕκαστον
897 1092 981 1162 εἶναι
992 1098 1029 1161 ἓν
1038 1093 1079 1181 66
1091 1118 1158 1161 που

154 1201 321 1282 σημαίνει,
333 1190 568 1312 ἀφωρισμένον
580 1192 718 1277 μὲντοῐν
729 1190 856 1279 ἄλλων,
868 1190 949 1261 καθ’
965 1190 1046 1260 αὐτὸ
1058 1191 1095 1260 66
1106 1191 1157 1277 ὅν,

154 1304 245 1379 είιτερ
263 1294 403 1360 ἕκαστον
417 1297 514 1359 ἔσται.
541 1287 676 1375 Ὀρθως.
709 1295 852 1377 Μετέχοι
863 1296 901 1360 βε
907 1318 945 1377 γε
956 1319 1000 1360 αν
1010 1317 1071 1359 τον
1083 1289 1158 1370 ἑνὸς

155 1391 295 1516 666⁰
274 1419 326 1460 οτι
342 1391 422 1459 ἄλλο
439 1385 481 1457 ὂν
492 1381 513 1475 6
525 1390 578 1456 ἕν
602 1387 718 1474 οὐγὰρ
731 1385 776 1457 άυ
785 1405 947 1476 μετεῖχεν,
971 1383 1079 1458 ἀλλ’
1057 1417 1102 1477 ην
1113 1388 1156 1457 ἄν

154 1488 234 1559 αὐτὰ
247 1492 300 1557 ἓν·
318 1496 383 1557 νῦν
396 1492 431 1556 δὲ
441 1488 534 1556 ἑνί
499 1515 561 1574 μεν
573 1486 656 1554 εἶναι
668 1485 756 1574 πλὴν
767 1486 857 1578 αὐτῷ
867 1495 913 1579 τῷ
926 1490 975 1557 ἕνι
964 1485 1157 1556 ἀδύνατόν

152 1614 227 1657 που.
255 1586 447 1655 Ἀδύνατον
469 1591 630 1671 Μετεχειν
641 1585 677 1654 66
687 1611 748 1654 του
759 1614 833 1667 ενος
844 1613 1016 1678 αναγκη
985 1615 1030 1656 τω
1041 1615 1076 1656 τε
1088 1587 1156 1679 ολω

151 1689 266 1776 καὶτῷ
279 1693 394 1776 μορίμ
421 1683 459 1752 τὸ
472 1683 607 1771 μὲνγὰρ
620 1687 657 1752 ἓν
668 1682 748 1753 ὅλον
758 1690 864 1771 ἔσται,
878 1678 922 1753 06
931 1686 1031 1773 μόρια
1041 1687 1081 1754 τά
1093 1688 1155 1773 μό-

152 1811 222 1872 ρια·
245 1813 281 1854 το
270 1783 330 1852 6'
353 1777 398 1852 αὖ
413 1787 554 1851 ἕκαστον
571 1787 609 1851 ἓν
623 1783 743 1870 μόριον
759 1810 820 1852 του
807 1784 931 1871 ὅλου,
954 1777 998 1852 o6
1008 1777 1158 1871 άυῆμό-

113 1904 226 1970 Βριον
237 1883 329 1952 ολου
360 1881 485 1960 Οὕτως.
522 1879 691 1949 O6uo6v‘'
671 1908 766 1966 ετερα
777 1909 858 1950 οντα
869 1909 929 1951 του
914 1882 1015 1962 ἑνος
1025 1887 1158 1969 μεθέξει

150 1979 190 2049 τά
208 1984 384 2067 μετέχοντα
400 1977 523 2060 αὐτοῦς
544 1986 623 2058 Παῖς
640 1978 671 2046 6⁷
691 1979 734 2047 06
740 1991 758 2061 ε’
777 1978 825 2049 Τὰ
843 1979 874 2048 6'
895 1983 990 2066 ἕτερα
1008 1990 1069 2051 τοῦ
1080 1980 1156 2063 ε’νὸς

150 2079 257 2147 πολλά
276 2103 343 2145 που
360 2073 404 2145 άν
421 2086 481 2163 είη.
517 2083 548 2144 εί
563 2076 628 2162 γάρ
652 2077 738 2165 μήθ’
756 2082 793 2147 ἓν
810 2079 895 2167 μήθ’
907 2079 981 2160 ἑνὸς
992 2089 1092 2149 πλείω
1104 2092 1155 2169 εἴη

149 2170 253 2246 τᾶλλα
269 2184 331 2243 τοῦ
348 2175 439 2260 ἑνός,
461 2173 563 2244 οὐδὲν
576 2171 619 2242 άν
632 2187 690 2264 είη.
725 2177 776 2245 06
788 2176 852 2264 γάρ
865 2171 937 2246 οὖν.
971 2176 1056 2249 Ἐπεὶ
1068 2185 1107 2249 66
1115 2205 1155 2266 γε

150 2280 250 2341 πλείω
271 2273 346 2352 ἑνός
367 2276 435 2342 ἐστι
454 2272 495 2341 τά
515 2283 628 2342 τετοῦ
644 2274 718 2354 ἑνὸς
733 2284 853 2362 μορίου
869 2274 982 2345 καὶτὰ
1000 2285 1062 2344 τοῦ
1080 2276 1156 2358 ἑνὸς

150 2370 233 2441 ὅλον
254 2375 446 2459 μετέχοντα,
471 2368 534 2439 οὐκ
556 2370 683 2460 άνάγκη
704 2373 768 2461 666
790 2376 913 2462 πλήθει
934 2373 1053 2458 ἄπειρα
1071 2374 1155 2443 εἶναι

150 2468 234 2540 αὐτά
251 2498 290 2556 γε
306 2472 414 2538 ἐκείνα
424 2468 464 2537 τὰ
476 2473 771 2557 μεταλαμβάνοντα
782 2482 843 2542 τοῦ
854 2474 941 2553 ἕνός;
962 2482 1058 2553 Πώςε
1075 2466 1154 2543 Ὧδε

150 2574 281 2655 ἴδωμεν.
304 2567 384 2635 άλλο
393 2594 424 2634 τι
436 2564 496 2653 οὐχ
507 2571 544 2635 ἓν
556 2567 636 2636 ὄντα
647 2569 726 2639 οὐδὲ
733 2574 908 2658 μετέχοντα
917 2579 977 2641 τοῦ
987 2572 1153 2659 ἕνόςτότε,

114 2691 133 2741 c
150 2665 205 2734 ὅτε
215 2666 458 2753 μεταλαμβάνει
468 2665 591 2753 αὐτοῦ,
603 2669 862 2756 μεταλαμβάνεις
877 2678 973 2757 Δῆλα
984 2672 1034 2758 66.
1060 2669 1154 2741 066-

148 2771 212 2830 οῦν
228 2763 379 2851 πλήθη”
358 2792 455 2852 οντα,
478 2763 568 2834 ἐυῖ
536 2793 638 2846 οςτο
628 2766 749 2835 ἕν’
711 2794 774 2836 ουν
798 2775 865 2850 ἔνι;
885 2769 1007 2856 116666
1030 2773 1153 2856 μέντοι.

151 2869 192 2929 Τί
201 2853 281 2942 0665
293 2889 307 2930 ε
310 2864 506 2950 ἕθελοιμεν
516 2890 555 2952 τη
543 2870 698 2955 διανοίᾳ
709 2875 778 2934 τῶν
789 2868 950 2936 τοιούτων
961 2866 1133 2953 ἀφελεῖν
1109 2894 1154 2947 ως

147 2955 214 3029 οἷοί
229 2988 263 3029 τε
258 2963 378 3047 ’ἐσμεν
395 2962 457 3032 ὅτι
473 2960 657 3049 ὀλίγιστον,
681 2962 743 3032 οὐκ
755 2962 884 3052 ἀνάγκη
895 2966 998 3035 καὶτὰ
1010 2964 1153 3052 ἀφαιρε-

145 3061 210 3130 θὲν
227 3063 351 3147 ἐκεῖνο,
374 3071 466 3146 είιιερ
477 3069 538 3129 τοῦ
550 3062 624 3142 ἑνὸς
635 3062 680 3148 μὴ
692 3066 838 3149 μετέχοι,
861 3070 991 3150 πλῆθος
1002 3063 1087 3132 εἶναι
1098 3067 1152 3133 καὶ

148 3156 208 3243 οὐχ
229 3161 283 3240 ἕν;
304 3157 453 3245 Ἀνάγκη.
489 3157 627 3228 Οὐκοῦν
647 3159 753 3239 οὕτως
774 3159 824 3229 άελ
844 3168 1027 3230 σκοποῦντι
1045 3160 1153 3248 αὐτὴν

147 3254 228 3324 καθ’
243 3253 349 3343 αὑτὴν
360 3256 422 3345 τὴν
434 3259 549 3340 ἑτέραν
559 3258 663 3342 φύσιν
673 3267 735 3327 τοῦ
746 3262 871 3346 εἴδους,
894 3257 978 3328 ὅσον
995 3256 1038 3327 άν
1049 3260 1155 3347 αὐτῆς

146 3353 197 3422 ἀεὶ
215 3351 362 3441 ὁρῶμεν,
384 3354 522 3440 άντειρον
538 3360 627 3424 ἔσται
638 3356 777 3444 πλήθει;
798 3358 996 3425 Παντάπασι
1006 3359 1068 3445 μὲν
1079 3351 1143 3427 οὖν
