2408 3780
393 156 743 217 ΠΑΡΜΕΝΙΔΗΣ.
1028 154 1068 217 43

63 317 130 380 ἐστι
147 311 187 380 τὸ
206 315 243 380 ἓν
253 315 307 381 καῖ
318 315 418 382 οὐδέν
428 317 495 382 ἐστι
505 316 560 382 καλ
572 311 655 399 πρὸς
665 313 761 382 έαντὸ
775 317 829 384 καῖ
840 318 922 400 πρὸς
933 316 973 383 τά
983 317 1067 385 ἄλλα

63 408 231 489 ὡσαύτως.
254 405 582 498 Παντελῶςμὲνοάν.

145 513 257 579 XXIV.
301 507 394 577 Εἶεν
416 517 447 578 εἴ
456 508 492 577 δὲ
504 508 544 596 δὴ
556 510 600 597 μη
612 517 679 579 ἔστι
690 510 726 580 τὰ
741 513 793 597 έν,
813 518 846 581 τί
853 513 913 599 χρὴ
926 520 1068 600 συμβαί-

62 634 151 693 νειν,
175 600 230 693 ἆρ’
250 606 291 676 οὐ
309 610 468 676 σκεπτέον
484 605 564 694 μετά
581 617 701 691 τοῦπος
723 613 893 678 Σκεπτέον
903 611 976 698 γάρ.
1012 621 1068 692 Τίς

61 699 125 773 οὖν
136 701 182 773 άν
193 715 243 792 εἴη
255 704 337 793 αὕτη
349 703 370 792 ἡ
383 702 558 789 ὑπόθεσις,
570 712 601 774 εἴ
611 707 647 774 ἓν
659 707 703 795 μη
715 713 820 790 έστιν;
834 702 899 795 άρά
910 738 940 777 τι
952 715 1067 796 διαφέ·

62 830 112 887 ρει
122 808 241 890 τῆσδε,
254 809 285 870 εἴ
295 801 339 890 μὴ
352 806 390 871 ἓν
398 801 442 890 μὴ
456 809 557 883 ἔστιν;
579 808 740 891 Διαφέρει
751 809 872 892 μέντοι.
905 812 1067 892 Διαφέρει

61 901 186 987 μόνον,
207 897 231 986 η’
248 903 302 968 καῖ
320 909 389 967 πάν
405 899 602 971 τούναντίον
617 908 706 973 ε’στλν
723 912 842 991 εἰπεῖν,
866 912 897 974 εἴ
912 907 956 992 μὴ
975 909 1011 973 ἓν
1022 906 1066 993 μὴ
1088 908 1106 960 0

61 1005 146 1085 ἔστι,
158 1007 223 1067 τοῦ
232 1005 264 1067 εἴ
273 1003 310 1066 ἓν
319 999 363 1085 μη
375 1004 480 1080 έστιν;
492 1008 569 1069 Πάν
579 1000 785 1073 τούναντίον.
819 1011 861 1072 Τι’
871 1001 904 1071 δ’
916 1014 1003 1081 εἴτις
1015 1007 1068 1071 λέ-

61 1121 132 1182 γοι,
157 1104 188 1165 εἴ
203 1100 344 1183 μέγεθος
360 1094 404 1184 μὴ
423 1104 513 1167 ἔστιν
529 1096 551 1188 ἢ
568 1102 745 1188 σμικρότης
755 1103 798 1188 μὴ
812 1107 902 1169 έστιν
912 1100 934 1188 ἥ
945 1129 976 1167 τι
986 1101 1066 1169 άλλο

60 1204 131 1263 τάν
140 1195 313 1281 τοιούτων,
325 1190 390 1280 άρα
401 1196 449 1283 ἐφ’
462 1200 603 1267 ἑκάστου
613 1196 656 1267 άν
666 1206 769 1287 δηλοῖ,
783 1199 834 1268 ὅτι
845 1199 960 1286 ἕτερόν
971 1227 1002 1266 τι
1013 1204 1069 1268 λε’-

60 1318 115 1380 γοι
125 1291 164 1362 τὸ
177 1294 222 1380 μη
234 1293 291 1376 ὅν;
307 1295 406 1364 Πάνυ
415 1323 462 1382 γε.
486 1295 622 1366 Οὐκοῦν
632 1302 686 1367 καὶ
698 1307 764 1367 νῦν
775 1303 878 1385 δηλοῖ,
891 1297 943 1365 ὅτι
953 1300 1068 1381 ἕτερον

61 1394 149 1477 λέγει
164 1399 234 1459 τοῖν
250 1390 362 1461 ἄλλων
378 1391 414 1462 τὸ
432 1392 476 1481 μη
496 1393 552 1481 ὅν,
575 1395 656 1466 ὅταν
672 1407 747 1486 εἴπη
759 1400 796 1465 ἓν
807 1404 838 1465 εἴ
847 1395 891 1483 μη
905 1388 990 1480 έστι,
1012 1399 1066 1463 καὶ

61 1500 159 1577 ἴσμεν
170 1488 190 1558 ὃ
203 1493 303 1577 λέγει;
316 1493 436 1578 Ἵσμεν.
468 1499 609 1576 Πρῶτον
619 1498 681 1581 μὲν
691 1496 756 1580 άρα
765 1494 917 1581 γνωστόν
927 1520 958 1562 τι
969 1496 1065 1578 λέγει,

62 1595 175 1657 ἔπειτα
184 1591 299 1673 ἕτερον
309 1596 378 1657 τῶν
390 1590 511 1676 ἄλλων,
524 1590 604 1661 ὅταν
616 1604 690 1681 εἴπη
702 1597 749 1672 έν,
761 1603 824 1662 εἴτε
833 1590 870 1659 τὸ
881 1591 965 1660 εἶναι
976 1590 1067 1680 αὐτῷ

62 1689 224 1771 προσθεὶς
240 1697 304 1756 εἴτε
315 1688 351 1757 τό
364 1689 407 1777 μη
421 1689 519 1757 εἶναι·
542 1690 642 1758 οὐδὲν
652 1690 716 1776 γάρ
727 1683 827 1777 ἦττον
837 1691 1065 1774 γιγνώσκεται,

63 1793 96 1853 τέ
104 1784 141 1854 τὸ
154 1787 335 1872 λεγόμενον
345 1786 390 1876 μὴ
402 1788 502 1874 εἶναι,
515 1793 570 1856 καῖ
580 1786 631 1856 ὅτι
643 1790 806 1874 διάφορον
817 1796 886 1856 τῶν
896 1787 1024 1856 ἄλλων·
1044 1783 1066 1874 ἢ
1084 1798 1106 1848 D

64 1886 123 1965 οὕς
143 1883 296 1974 Ἀνάγκη.
315 1879 393 1955 Ὧδε
404 1887 469 1972 άρα
480 1893 612 1955 λεκτέον
623 1891 655 1969 ἐξ
667 1887 784 1974 άρχῆς,
797 1890 834 1955 ἓν
845 1893 875 1955 εἴ
884 1887 928 1973 μὴ
940 1891 1023 1969 ἔστι,
1035 1893 1069 1954 τι’

62 1982 123 2071 χρὴ
136 1982 230 2052 εἶναι.
262 1979 540 2071 πρῶτονμλνοῦν
551 1983 640 2074 αὐτῷ
653 1993 750 2053 τοῦτο
761 1984 922 2071 ὑπάρχειν
933 1989 997 2071 δεῖ,
1023 1983 1067 2063 ὠς

64 2088 189 2169 ἔοικεν,
212 2081 297 2150 εἶναι
313 2081 419 2151 αὐτοῦ
436 2084 633 2171 ἐπιστήμην,
654 2080 678 2171 ἢ
695 2087 776 2170 μηδὲ
794 2082 815 2151 ὅ
832 2109 862 2150 τι
874 2087 1000 2168 λέγεται
1013 2108 1066 2166 γι-

62 2181 292 2266 γνώσκεσθαι,
305 2181 386 2249 ὅταν
397 2208 446 2260 τις
457 2193 532 2270 εἴπη
543 2185 580 2249 ’έν
591 2187 622 2250 εἴ
630 2179 674 2268 μη
686 2187 782 2249 ἔστιν.
814 2180 944 2268 Ἀληθῆ.
974 2179 1066 2249 Οὐκ-

63 2287 125 2346 οῦν
143 2281 200 2346 καλ
216 2277 257 2346 τά
274 2277 357 2347 άλλα
373 2276 458 2365 ἕτερ’
475 2278 580 2347 αὐτοῦ
590 2279 689 2366 εἶναι,
712 2275 735 2366 ἢ
744 2282 826 2366 μηδὲ
837 2282 942 2347 έκεῖνο
954 2283 1068 2363 ἕτερον

63 2386 130 2446 τῶν
142 2376 254 2445 ἄλλων
263 2380 436 2463 λέγεσθαις
446 2378 546 2446 Πάνυ
556 2404 602 2462 γε.
632 2380 698 2446 Καὶ
711 2377 891 2462 ἑτεροιότης
902 2376 967 2457 άρα
978 2379 1066 2444 ἐστὶν

64 2473 157 2564 αὐτῷ
174 2473 256 2560 πρὸς
266 2482 307 2562 τῇ
320 2475 489 2562 ἐπιστήμη.
523 2473 564 2541 οὐ
574 2476 639 2561 γάρ
649 2474 710 2561 την
721 2482 789 2541 τῶν
800 2472 911 2541 ἄλλων
923 2473 1066 2559 ἑτεροιό-

62 2577 257 2661 τηταλέγει,
280 2571 362 2640 ὅταν
372 2574 409 2640 τὸ
424 2573 586 2658 ἓνέτερον
595 2581 664 2641 τῶν
675 2571 786 2642 ἄλλων
796 2576 891 2660 λέγη,
913 2570 1104 2659 άλλάτηνΕ

63 2675 202 2740 ἐκείνου.
233 2676 398 2740 Φαίνεται.
427 2674 494 2740 Καὶ
504 2670 571 2759 μὴν
582 2679 643 2739 τοῦ
653 2697 690 2756 γε
702 2674 830 2739 ἐκείνου
842 2672 895 2739 καῖ
906 2679 965 2738 τοῦ
979 2669 1067 2748 τινὸς

63 2772 117 2838 καῖ
137 2769 261 2838 τούτου
270 2773 326 2837 καλ
337 2768 444 2860 τούτῳ
457 2772 513 2837 καὶ
523 2771 653 2839 τούτων
665 2774 718 2838 καὶ
730 2771 866 2838 πάντων
876 2777 944 2837 τάν
953 2770 1066 2836 τοιού-

63 2895 131 2936 των
141 2871 267 2955 μετέχει
278 2866 314 2936 τὸ
327 2867 372 2956 μὴ
383 2865 424 2936 έν
435 2871 481 2936 ἓν.
516 2866 632 2955 οὐγὰρ
644 2865 733 2937 άντό
747 2872 783 2935 ἓν
794 2870 921 2954 ἐλέγετο
935 2865 1008 2934 οὐδ’
1023 2862 1066 2933 άν

63 2976 124 3035 τοῦ
136 2965 211 3046 ἑνὸς
222 2970 333 3052 ἕτερα,
350 2965 424 3035 οὐδ’
436 2970 550 3055 ἐκείνῳ
563 2965 606 3034 άν
622 2995 651 3034 τι
670 2960 713 3053 ἦν
731 2963 803 3034 οὐδ’
823 2971 968 3047 ἐκείνου,
991 2961 1063 3029 οὐδ’

63 3066 106 3134 άν
116 3093 148 3136 τι
159 3069 306 3152 έλέγετο,
320 3072 349 3135 εἴ
359 3065 440 3152 μήτε
450 3073 511 3132 τοῦ
522 3063 611 3144 τινος
623 3063 711 3152 αὐτῷ
723 3072 825 3149 μετῆν
835 3063 916 3147 μήτε
926 3068 994 3127 τῶν
1006 3060 1067 3126 άλ-

62 3174 131 3234 λων
148 3165 287 3233 τούτων.
322 3161 456 3251 Ὀρθῶς.
488 3162 586 3231 Εἴναι
602 3163 664 3248 μὲν
682 3159 722 3247 δὴ
739 3169 787 3248 τῷ
805 3162 853 3228 ἑνὶ
864 3157 924 3243 οὐχ
935 3154 1008 3224 οἷόν
1020 3184 1065 3239 ιε,

62 3273 154 3349 εἴπερ
166 3291 204 3350 γε
215 3261 260 3350 μὴ
272 3268 356 3347 ἔστι,
368 3265 510 3348 μετέχειν
524 3263 560 3330 δὲ
570 3266 702 3328 πολλῶν
714 3256 814 3325 οὐδὲν
825 3257 962 3340 κωλύει,
982 3255 1065 3325 άλλά
1084 3261 1130 3316 161

61 3363 116 3431 καῖ
133 3360 279 3449 άνάγιιη,
301 3370 393 3448 εἴπερ
410 3361 448 3429 τά
464 3387 502 3447 γε
519 3363 555 3427 ’έν
573 3364 677 3427 ἐκεῖνο
696 3360 750 3424 καὶ
762 3355 806 3443 μη
818 3356 898 3426 άλλο
909 3357 953 3442 μη
967 3361 1064 3423 ἔστιν.
