2408 3780
416 721 781 821 llllllllt.

124 1129 155 1211 in
177 1161 287 1213 secundo
306 1160 356 1212 lroc
373 1161 499 1213 volumine
518 1161 620 1213 easdem
644 1161 730 1229 leges,
749 1177 812 1226 quas
835 1163 952 1228 inprimi
972 1162 1130 1229 praefatione

18 1268 22 1277 -
58 1233 161 1296 scripsi,
187 1231 320 1298 diligenter
341 1239 443 1281 secutus
467 1246 539 1292 anm,
561 1233 760 1295 necquicquam
784 1231 892 1298 amplius
914 1232 1130 1298 praemonendum

57 1302 153 1361 habeo,
176 1301 284 1350 nisime
308 1301 333 1349 in
352 1300 468 1351 cancellis
486 1308 510 1350 et
531 1300 659 1350 asteriscis
681 1301 834 1367 usurpandis
850 1303 946 1367 majore
962 1316 1038 1365 qnam
1057 1310 1129 1351 autea

58 1370 198 1421 constantia
225 1383 298 1419 usum
327 1384 392 1420 esse.
436 1369 571 1420 Asteriscis
595 1370 662 1420 euim
687 1371 773 1420 onruia
793 1371 918 1421 vocabula
942 1372 1040 1430 notavi,
1065 1385 1131 1433 quae

57 1439 125 1490 nullo
145 1441 171 1489 in
189 1439 253 1489 libro
272 1439 365 1504 scripto
385 1441 512 1490 exstantia
525 1437 566 1490 vel
584 1453 641 1490 mea
658 1438 698 1490 vel
715 1439 798 1490 alisna
815 1440 959 1505 conjectura
977 1441 1002 1489 in
1015 1440 1129 1490 ordinem

58 1509 157 1573 recepi;
183 1506 300 1558 cancellis
317 1523 378 1559 vcro
397 1523 427 1558 eo
444 1516 541 1558 tantum
558 1509 757 1574 circumscripsi,
776 1523 841 1572 quae
860 1516 945 1559 contra
961 1509 1042 1572 ipsius
1061 1508 1128 1559 Oxo-

58 1578 152 1627 nicnsis
171 1577 344 1627 auctoritatem
366 1575 520 1627 eliminanda
543 1578 597 1627 visa
621 1586 694 1635 suut;
716 1591 781 1640 qnae
800 1576 831 1626 ab
850 1575 931 1627 Oxou.
950 1578 1083 1637 abessent,
1107 1579 1129 1628 si

57 1646 163 1697 Platone
186 1645 238 1696 indi
276 1645 442 1706 shabentem,
466 1660 517 1696 non
541 1645 769 1696 circumscribendo
791 1644 838 1696 sed
859 1660 963 1711 prorsus
986 1646 1129 1712 abjicienda

59 1730 114 1767 esse
132 1714 202 1766 duxi.
259 1715 346 1781 iugula
362 1723 461 1775 autem,
480 1717 505 1765 in
524 1715 616 1779 quibus
635 1730 650 1765 a
667 1713 847 1766 Turicensibus
866 1715 985 1775 discessi,
1008 1716 1034 1765 in
1053 1715 1129 1782 hujus

58 1784 194 1837 voluminis
213 1784 322 1850 dialogis
339 1784 403 1836 haec
419 1785 472 1835 rere
488 1794 564 1835 sunta

124 1853 240 1903 Parmcn.
260 1868 285 1918 p.
298 1850 384 1905 lita
402 1851 453 1903 καί
467 1867 500 1918 με
518 1845 654 1918 ἠσπάζετο
672 1868 781 1918 moxque
799 1846 873 1917 μάλα
894 1846 929 1919 δι’]
947 1853 983 1920 0,
1000 1847 1047 1902 uel
1060 1842 1127 1932 p’orr.

59 1935 80 1973 ct
94 1913 170 1988 pailet
186 1913 242 1986 ἤδη
260 1920 352 1975 VBST.
373 1950 405 1960 -
424 1924 538 1974 indidem
556 1938 580 1988 p.
602 1919 688 1974 138Β
705 1915 736 1973 δὲ
755 1912 838 1980 αὐτὸς
856 1938 902 1989 pro
920 1914 951 1972 dd
970 1918 1018 1971 καὶ
1035 1913 1127 1981 accde,

57 2007 82 2056 p.
101 1989 190 2044 1281>
208 1984 235 2040 εἰ
249 1984 338 2041 πολλὰ
357 2007 403 2057 pro
422 1984 439 2056 ἡ
460 1986 486 2040 el
506 1983 594 2041 aeolici
612 1992 645 2043 ad
662 1992 806 2057 exemplum
825 2008 846 2042 o.
864 1990 912 2044 24:
931 1981 1002 2054 αὕτη
1023 1982 1040 2054 ἡ
1060 1981 1129 2040 ὑπό-

57 2059 148 2122 θεσις,
166 2052 192 2109 εἰ
205 2052 239 2110 ἓν
251 2052 290 2126 μὴ
308 2055 378 2111 doec:
398 2063 457 2111 item
475 2076 500 2127 p.
513 2059 595 2114 lusu
612 2052 699 2128 ταύτῃ
710 2058 780 2126 γοῦν
795 2077 840 2128 pro
857 2054 943 2128 ταύτῃ
958 2045 1018 2122 οὖν,
1036 2076 1063 2126 p.
1079 2055 1128 2111 129

57 2121 141 2195 Ετὴν
158 2119 248 2194 αὐτὴν
264 2145 310 2196 pro
328 2122 381 2194 τὴν
396 2121 614 2195 adsciscendum,
633 2130 702 2195 quud
719 2130 776 2181 licet
794 2132 870 2181 ctiam
888 2138 991 2196 propter
1008 2130 1128 2179 homoeo-

57 2200 167 2250 teleuton
184 2200 309 2264 corrumpi
327 2201 451 2266 potuerit,
469 2214 519 2250 uon
537 2209 620 2250 tamen
638 2201 673 2250 ita
689 2201 858 2250 necessarium
878 2206 930 2260 est,
948 2207 976 2248 nt
994 2198 1128 2263 interpola-

57 2270 133 2319 tionis
149 2269 236 2334 specie
247 2277 345 2328 careat3
365 2269 472 2333 denique
484 2284 510 2334 p.
525 2267 577 2322 130
588 2268 607 2319 G
620 2256 638 2332 ἢ
649 2257 714 2318 ἄλλο
728 2257 747 2317 ὅ
762 2283 788 2318 ec
802 2259 979 2334 ἀτιμότατον,
991 2269 1035 2318 ubi
1046 2265 1129 2316 VBST

57 2338 110 2389 solo
128 2352 156 2387 τι
174 2338 306 2389 scribendo
323 2339 374 2388 vim
396 2338 543 2404 superlativi
561 2337 635 2389 valde
653 2338 776 2387 minuunt.
802 2363 838 2376 —
860 2339 982 2389 Incertius
1000 2345 1038 2386 est
1059 2336 1129 2401 quod

57 2421 80 2472 p.
101 2404 152 2459 131
171 2407 193 2455 Α
212 2407 327 2473 ejusdem
349 2407 443 2458 codicis
464 2407 611 2458 auctoritato
628 2407 716 2472 scripsi
735 2399 852 2464 caillone
870 2420 901 2456 τε
917 2421 964 2472 pro
982 2400 1027 2470 ci,
1048 2420 1128 2470 quan·
1190 2460 1194 2465 ,

57 2491 132 2540 quam
150 2490 202 2526 nou
220 2476 305 2541 inepte
320 2466 419 2534 scillae
434 2471 482 2527 aul
500 2466 684 2541 decacuminare
697 2477 906 2542 praecedentibus
917 2476 1022 2542 adjungi
1035 2475 1127 2525 rectius

57 2561 133 2608 quam
152 2545 247 2610 opponi
265 2545 347 2599 dicas:
365 2545 471 2596 fidenter
488 2554 572 2596 antem
589 2561 617 2612 p.
636 2544 685 2598 131
704 2544 726 2594 D
743 2545 865 2598 librorum
884 2546 996 2596 omnium
1015 2554 1039 2596 et
1056 2544 1127 2610 vulg.

21 2656 24 2661 .
56 2613 190 2666 lectionem
207 2604 308 2664 τούτου
326 2607 357 2665 δὲ
374 2605 461 2665 αὐτοῦ
480 2616 578 2666 restitui
593 2630 640 2681 pro
658 2605 758 2665 τούτου
777 2607 808 2665 δὲ
827 2606 911 2680 αὐτό,
934 2616 1004 2696 quod
1019 2612 1078 2664 BST
1096 2629 1128 2663 ex

55 2683 194 2735 Heindoriii
213 2683 280 2748 conl.
299 2692 458 2751 receperunt,
474 2685 534 2747 quis
548 2692 646 2736 tantum
665 2684 737 2735 abest
754 2692 782 2735 nt
799 2700 872 2749 sequ.
885 2675 952 2734 orico
965 2677 995 2734 τὸ
1010 2674 1127 2748 σμικρὸν

55 2750 160 2817 μεῖζον,
170 2744 247 2801 ἔσται
267 2752 308 2804 hic
325 2769 426 2818 quoque
441 2755 495 2819 jam
513 2755 592 2818 ipsum
608 2768 715 2820 parvum
732 2755 866 2806 memorari
881 2753 979 2820 flagitet
985 2791 993 2821 ‚
1012 2761 1040 2803 ut
1058 2767 1127 2804 mera

55 2823 115 2874 inde
132 2820 276 2888 tautologia
293 2823 387 2873 oritura
405 2823 449 2882 sit;
467 2824 577 2888 primurn
594 2824 644 2890 ipsi
661 2824 700 2872 sui
713 2824 779 2888 perti
790 2837 897 2889 parvum
911 2831 1030 2888 tanquam
1045 2823 1127 2886 majus

55 2893 150 2959 opponi
168 2890 258 2954 debet,
276 2900 303 2941 ut
320 2892 379 2943 inde
396 2893 479 2958 ipsum
495 2907 601 2958 parvum
617 2893 700 2958 majus
719 2892 773 2943 lore
791 2893 932 2961 colligatur.
952 2921 981 2928 -
1002 2892 1028 2940 P.
1045 2887 1126 2942 ltus

12 2972 15 2979 ·
55 2954 84 3011 ἓν
100 2976 128 3010 τι
147 2944 185 3010 αὖ
200 2972 257 3011 που
273 2960 295 3014 Η
313 2975 345 3012 cx
360 2960 440 3012 Oxou.
459 2962 591 3027 vestigiis,
609 2961 653 3025 qui
668 2949 758 3010 αὐτοῦ
770 2975 817 3027 pro
829 2960 900 3030 vulg.
919 2945 954 3012 αὖ
968 2959 1052 3020 oliert;
1068 2974 1127 3010 mox

54 3038 138 3082 antem
156 3021 267 3096 ἀνάγκη
285 3030 316 3080 ab
335 3031 424 3082 eodem
442 3037 467 3081 et
478 3029 561 3081 Turio.
580 3031 702 3081 omissum
720 3045 838 3081 revocare
855 3046 905 3082 nou
924 3030 1049 3088 dubitavi,
1067 3030 1127 3093 qnia

54 3097 170 3151 οἴεσθαι
185 3101 308 3151 remotius
326 3107 373 3161 est,
408 3114 467 3151 uam
485 3107 514 3150 ut
531 3099 590 3150 indo
606 3099 652 3150 ini.
671 3097 827 3164 φαίνεσθαι
845 3099 968 3166 suspendi
985 3099 1074 3164 possit.
1091 3123 1126 3136 -

55 3169 146 3222 (lontra
163 3185 192 3237 p.
213 3165 265 3223 133
281 3183 364 3232 aeque
381 3183 419 3226 ως
436 3178 494 3220 aute
515 3165 578 3234 εἴδη
596 3157 665 3219 ὄντα
682 3182 765 3233 neque
781 3158 867 3219 αὐτοῦ
885 3177 942 3220 aute
960 3158 1076 3220 ἑκάστου
1093 3168 1126 3218 ab

55 3239 134 3293 llxon.
156 3240 255 3291 omissa
273 3252 375 3289 sensnm
389 3239 533 3290 desiderare
550 3246 626 3304 put03
645 3238 723 3288 immo
741 3237 840 3289 iacilius
858 3245 941 3352 strupo
952 3229 1002 3289 doio
1013 3252 1055 3297 τις
1068 3234 1125 3288 deo·
1159 3283 1164 3291 .

881 3331 901 3367 a

482 3480 786 3603 QastfflffiQ
