2408 3780
152 179 194 242 96
513 180 802 279 ΠΛᾼΤΩΝΟΣ
887 172 893 180 ’

152 366 200 419 τις
215 337 279 427 όρηῖ
294 338 453 417 πολλάκις
469 341 576 428 ἑαυτῷ
592 337 718 426 χρυσόν
727 339 927 424 γιγνόμενον
937 338 1094 426 ἄφθονον
1107 345 1160 408 καὶ

153 436 204 508 ἐπ’
224 436 314 529 αὐτῷ
333 435 457 517 πολλός
474 436 612 524 ἡδονάς·
635 439 690 505 καὶ
711 435 751 524 δὴ
774 439 829 505 καὶ
845 441 1162 527 ε’νεζωγραφημένον

152 536 258 607 αὐτόν
269 535 316 620 ἐφ’
331 535 423 627 αὐτῷ
434 544 591 624 χαίροντα
603 536 734 623 σφόδρα
745 544 887 626 καθορᾷ.

118 643 137 692 Β
235 643 336 705 ΠΡΩκ
372 635 527 719 Τίδόὕς

234 742 310 807 ΣΩ.
343 735 482 804 Τούτων
498 727 563 803 οάν
579 736 701 820 πότερα
719 743 837 822 φῶμεν
851 750 919 817 τοῖς
936 738 999 823 μὲν
1020 735 1162 823 ἀγαθοῖς

27 914 30 919 ,
153 833 197 916 ὡς
212 834 249 904 τὸ
269 832 356 903 πολδ
372 833 413 902 τά
429 837 640 921 γεγραμμένα
656 841 902 918 παρατίθεσθαι
917 832 1028 922 ἀληθῆ
1050 834 1104 902 διὰ
1121 837 1158 903 τό

151 945 321 1021 θεοφιλεῖς
333 935 433 1021 εἶναι,
451 949 520 1014 τοῖς
531 933 567 1003 δὲ
583 948 697 1013 κακοῖς
708 927 808 1013 δςαά
824 932 895 1002 *τό*
912 932 999 1002 πολδ
1015 931 1157 1002 τούναν-

26 1076 31 1083 ·
146 1029 475 1121 τίονιδνδνῶνενι

235 1139 338 1200 Hm.
371 1135 439 1202 Καὶ
449 1131 536 1219 μάλα
548 1137 680 1218 φατέον.

236 1237 311 1299 ΣΩ.
344 1229 480 1299 Οὐκοῦν
492 1235 546 1299 καὶ
556 1245 624 1310 τοῖς
639 1245 753 1310 κακοῖς
763 1229 883 1317 ἡδοναί
898 1257 935 1317 γε
948 1228 1048 1299 οὐδὲν
1058 1225 1159 1318 ἧττον

151 1329 304 1415 πάρεισιν
315 1331 600 1416 έζωγραφημέναι,
611 1336 742 1410 ψευδεῖς
752 1329 788 1398 δέ
799 1321 899 1397 αὗταί
908 1354 983 1397 που.

235 1436 337 1498 Hm.
374 1437 416 1497 Τί
427 1429 511 1516 mim

115 1533 134 1583 0
236 1535 312 1597 Σῖῖ.
345 1530 516 1598 Ψενδέσιν
534 1527 600 1614 ἀρα
615 1523 751 1615 ἡδοναῖς
772 1526 812 1595 τά
835 1526 941 1597 πολλὰ
967 1532 1001 1595 οῖ
1020 1529 1160 1613 πονηροὶ

150 1635 338 1715 χαίρουσιν,
358 1632 394 1696 ολ
402 1626 433 1696 δ’
447 1626 571 1714 ἀγαθοὶ
581 1635 649 1696 τῶν
659 1625 853 1714 ἀνθρώπων
865 1625 1034 1714 ἀληθέσιν.

233 1732 336 1796 ΠΡέδ.
365 1725 622 1814 Ἀναγκαιότατα
634 1730 746 1813 λέγεις.

149 1932 219 1993 τῶν
235 1923 431 2010 ἀνθρώπων
447 1938 566 2012 ψυχαῖς
583 1924 716 2012 ἡδοναί,
739 1929 961 2013 μεμιμημέναι
976 1929 1088 2010 μέντοι
1101 1924 1160 2022 τοῖς

149 2021 284 2110 ἀληθεῖς
296 2026 349 2092 ἐπὶ
359 2023 399 2092 τά
410 2021 615 2110 γελοιότερα·
626 2027 681 2091 καὶ
693 2031 794 2091 λῦπαι
805 2024 842 2091 δὲ
854 2022 1017 2100 ὡσαύτως.

232 2129 334 2190 ΠΡΩ.
368 2129 473 2191 Εἰσίν.

233 2226 307 2288 ΣΩ.
344 2219 482 2289 Οὐκοῦν
496 2214 542 2307 ἦν
559 2221 706 2302 δοξάζειν
722 2224 784 2306 μὲν
801 2219 905 2300 ὄντας
919 2217 969 2288 ἀεὶ
985 2227 1032 2307 τῷ
1042 2220 1078 2288 τό
1091 2246 1156 2288 πα-

148 2318 259 2406 ράπαν
276 2318 459 2406 δοξάζοντι,
479 2320 524 2406 μη
542 2315 594 2388 ἐπ’
613 2314 690 2388 οὖσι
708 2324 743 2389 δὲ
753 2320 834 2407 μηδὲ
845 2322 897 2390 ἐπὶ
908 2319 1064 2406 γεγονόσι
1076 2321 1155 2406 μηδ’

148 2416 201 2488 ἐπ’
215 2422 382 2505 ἐσομένοις
394 2422 507 2488 ἐνίοτε.

232 2540 332 2602 ΠΡΩ.
366 2534 467 2601 Πάνν
477 2559 524 2619 γε.

109 2659 130 2708 Ι)
232 2653 306 2714 ΣΩ.
340 2650 407 2715 Καὶ
417 2647 521 2716 ταῦτά
531 2675 568 2734 γε
579 2641 639 2735 ἦν,
662 2647 766 2735 οἶμαι,
785 2647 824 2715 τά
837 2645 1084 2736 ἀπεργαζόμενα
1096 2650 1154 2717 δό-

147 2749 208 2822 ξαν
218 2748 324 2830 ιγενδῆ
340 2746 413 2813 τότε
424 2748 480 2815 καὶ
489 2745 527 2815 τό
539 2752 670 2829 ψευδεῖς
681 2747 836 2828 δοξάζειν.
854 2741 968 2834 ἦγάρ;

231 2864 332 2925 ΠΡΩ.
364 2867 442 2927 Ναί.

230 2977 305 3039 Σέλ.
341 2980 382 3040 Τί
395 2967 477 3055 οάν;
502 2973 564 3043 οὐκ
583 2966 826 3043 ἀντάποδοτέον
841 2989 911 3053 ταῖς
923 2974 1041 3054 λύπαις
1051 3000 1087 3043 τε
1098 2979 1150 3045 καὶ

145 3068 279 3156 ἡδοναῖς
291 3069 353 3159 τὴν
364 3071 493 3142 τούτοιν
504 3071 726 3159 ἀντίστροφον
735 3074 804 3152 έξιν
816 3076 853 3141 ἐν
864 3077 1018 3166 ἐκείνοις;

228 3192 331 3254 Hm.
363 3194 458 3270 110393

231 3305 305 3366 Σέλ.
335 3297 390 3378 Ὡς
406 3293 450 3386 ἦν
466 3303 527 3387 μὲν
544 3308 668 3387 χαίρειν
684 3299 789 3380 ὄντος
806 3299 857 3370 ἀεὶ
875 3309 921 3391 τῷ
937 3299 974 3370 τὸ
993 3302 1149 3385 παράπαι

136 3396 301 3463 ἁπασοδν
317 3401 373 3466 καὶ
390 3404 463 3486 εἰκῇ
477 3407 640 3485 χαίροντι,
663 3400 707 3486 μὴ
719 3405 830 3486 μέντοι
842 3401 895 3469 ἐπὶ
904 3414 972 3480 τοῖς
983 3394 1060 3470 οὖσι
1069 3403 1149 3489 μηδ’
