2408 3780
120 178 183 242 380
522 183 730 243 ΘΕΑΓΗΣ.
1084 191 1135 244 ιιο

124 331 187 408 οῦν
199 336 304 407 αὐτόν
315 336 489 426 ἠνάγκασα
500 344 651 427 ἐπισχεῖν.
675 338 711 410 τό
724 348 852 428 τρίτον,
870 341 1082 430 βουλόμενός
1092 366 1132 427 με

123 447 258 525 λαθεῖν,
282 436 401 526 ἀνίστη
420 437 532 533 ούκέτι
554 440 658 508 είπιόν
679 465 736 525 μοι
752 438 870 524 οῦδίν,
892 437 976 508 ἀλλά
1001 439 1132 524 λαθάν,

124 536 323 623 ἐπιτηρήσας
344 535 465 606 ἀλλοσε
484 536 545 607 τόν
566 547 650 606 νοῦν
674 543 807 624 ἔχοντα·
834 541 890 606 καὶ
911 536 1021 617 οὕτως
1042 536 1134 624 ᾤχετ’

125 633 234 703 άπιων
252 637 308 704 καί
325 635 519 724 διεπράξατο
539 639 571 716 ἐξ
590 628 637 704 ὧν
655 636 707 724 ᾔει
724 635 1013 724 ἀποθανούμενος.
1048 636 1135 705 ὅθεν

127 734 167 819 δη
179 730 270 800 τοῦτ’
284 731 353 802 είπε
371 731 454 817 πρός
470 734 529 803 τόν
547 733 696 821 ἀδελφόν
707 734 790 818 ὅπερ
801 743 869 805 νῦν
881 733 962 822 ύμῖν
973 735 1058 820 ἐμοί,
1082 733 1134 802 ότι

35 902 38 907 .
125 843 169 902 ῖοι
180 831 459 922 ἀποθανούμενος
470 834 524 903 διά
534 833 571 902 τό
585 837 656 922 ἐμοὶ
667 832 852 922 ἀπιστῆσαι.
870 840 917 903 ἐτι
927 839 1045 903 τοίνυν
1057 835 1135 918 περὶ

90 943 110 994 Ι)
127 942 194 1000 τῶν
206 935 242 1001 ἐν
252 938 391 1022 Σικελία
408 941 543 1002 πολλοῖν
554 931 786 1019 άκούσεσθον,
811 929 832 1001 ά
849 931 913 1018 ἐμά
927 938 1044 1018 ἐλεμον
1055 935 1134 1015 περὶ

125 1040 184 1117 τῆς
193 1037 382 1119 διαφθοράς
392 1039 453 1100 τοῦ
464 1038 698 1116 στρατοπέδου.
731 1034 787 1101 καί
808 1030 847 1099 τά
865 1031 926 1118 μὲν
944 1038 1135 1118 παρεληλν·

126 1130 214 1197 θότα
230 1138 299 1197 τῶν
317 1130 455 1197 εἰδότων
473 1138 563 1199 ἐστιν
579 1127 735 1200 ἀκοῦσαι·
757 1143 875 1216 πεῖραν
887 1127 917 1196 δ’
933 1133 1037 1209 ὲξεστι
1053 1131 1132 1195 νυνὶ

127 1233 241 1314 λαβεῖν
249 1233 310 1294 τοῦ
323 1233 477 1313 σημείου,
490 1234 520 1296 εί
530 1228 595 1315 ἀρα
606 1257 637 1299 τι
648 1237 743 1317 λέγει.
777 1233 828 1298 ἐπὶ
838 1226 903 1315 γάρ
914 1235 955 1316 τῇ
965 1228 1019 1294 ἐπὶ
1031 1245 1133 1311 στρα-

127 1334 219 1396 τείαν
241 1332 362 1416 ἐξορμῇ
374 1332 570 1406 Σαννίωνος
590 1336 651 1397 τοῦ
673 1337 779 1398 καλοῦ
800 1327 931 1413 ἐγένετό
947 1353 1004 1413 μοι
1021 1325 1059 1393 τδ
1072 1345 1134 1412 ση-

126 1443 237 1516 μεῖον,
260 1436 381 1512 οἴχεται
399 1425 435 1494 δὲ
451 1434 518 1494 νῦν
534 1425 615 1513 μετά
634 1428 833 1513 Θρασύλλου
850 1425 1135 1512 στρατευσόμενος

128 1525 214 1596 εύθῦ
224 1525 362 1613 Ἑφέσου
373 1529 429 1595 καὶ
436 1524 567 1605 Ἰωνίας.
602 1525 667 1613 ἐμω
679 1518 744 1595 οῦν
755 1535 865 1612 οῖομαι
876 1529 1005 1595 ἐκεῖνον
1014 1520 1038 1612 η’
1048 1524 1133 1592 ἀποἀ

130 1635 312 1694 θανεῖσθαι
322 1619 345 1711 ἢ
356 1622 442 1710 ὁμοῦ
453 1651 484 1693 τι
492 1625 599 1716 τούτῳ
617 1624 644 1710 γ’
658 1629 747 1715 ἐλᾷν,
764 1626 819 1693 καὶ
830 1629 908 1711 περί
915 1650 952 1709 με
963 1631 1021 1709 τῆς
1032 1642 1128 1707 στρα

128 1732 214 1803 τείας
225 1731 282 1811 τῆς
293 1724 395 1811 άλλης
406 1726 497 1793 πάνυ
509 1732 689 1813 φοβοῦμαι.

93 1843 113 1894 Ε
212 1830 277 1892 XII.
325 1828 438 1890 Ταῦτα
449 1821 489 1909 δὴ
502 1825 610 1891 πάντα
621 1824 737 1909 είρηκά
749 1843 811 1908 σοι,
824 1820 875 1891 ότι
885 1819 905 1908 ἡ
916 1819 1059 1906 δύναμις
1070 1818 1136 1885 αύ-

129 1950 167 2010 τη
179 1931 240 1992 τοῦ
258 1927 433 2010 δαιμονίου
450 1922 571 1991 τούτου
589 1923 644 1990 καὶ
661 1927 706 2001 είς
716 1919 775 2001 τάς
791 1925 971 1997 συνουσίας
987 1924 1056 1985 τῦν
1066 1913 1132 2003 μετ’

130 2026 211 2108 ἐμοῦ
233 2021 537 2109 συνδιατριβόντων
557 2019 595 2089 τό
620 2019 710 2088 ἀπαν
730 2018 879 2088 δύναται.
918 2025 1053 2095 πολλοῖς
1074 2016 1136 2101 μὲν

128 2119 193 2207 γάρ
202 2124 426 2206 ἐναντιοῦται,
451 2124 505 2188 καί
520 2117 582 2187 ούκ
602 2125 670 2187 ἔστι
686 2118 816 2198 τούτοις
833 2115 1050 2204 ὠφεληθῆναι
1068 2113 1135 2201 μετ’

129 2223 213 2308 ἐμοῦ
224 2224 468 2305 διατρίβουσιν,
488 2216 571 2286 ὥστε
583 2214 644 2303 ούχ
656 2213 729 2286 οἷόν
739 2221 842 2305 τέμοι
852 2214 983 2294 τούτοις
997 2218 1138 2281 συνδια-

130 2326 270 2407 τρίβειν·
304 2326 438 2396 πολλοῖς
451 2318 487 2386 δδ
508 2330 659 2386 συνεῖναι
681 2318 742 2403 μὲν
763 2313 804 2384 ού
827 2313 1021 2399 διακωλύει,
1045 2311 1138 2399 ἀφε-

130 2425 268 2485 λοῦνται
290 2418 325 2486 δὲ
347 2413 448 2484 οῦδὲν
469 2417 637 2496 συνόντες.
670 2411 718 2494 οἷς
739 2413 771 2482 δ’
789 2412 833 2483 ἀν
853 2413 1058 2500 συλλάβηται
1079 2419 1139 2497 τῆς

129 2521 310 2595 συνουσίας
324 2512 346 2602 ἡ
362 2523 425 2584 τοῦ
441 2520 616 2604 δαιμονίου
634 2514 791 2602 δύναμις,
813 2505 911 2581 οῦτοί
925 2518 1009 2580 είσιν
1021 2501 1071 2578 οἷν
1081 2512 1138 2578 καί

130 2613 172 2681 σύ
190 2613 351 2703 ᾔσθησαι·
374 2615 457 2701 ταχύ
474 2613 538 2702 γὰρ
551 2621 749 2701 παραχρῆμα
765 2612 959 2682 ἐπιδιδόασι.
991 2614 1045 2678 καί
1056 2607 1138 2677 τού-

129 2741 198 2782 των
215 2707 260 2780 αύ
275 2722 345 2782 τοῖν
361 2716 581 2784 ἐπιδιδόντων
599 2719 633 2783 οί
646 2713 708 2801 μὲν
725 2713 781 2781 καί
798 2715 935 2800 βέβαιον
952 2715 1064 2796 ἔχουσι
1082 2711 1137 2776 καὶ

62 2828 112 2885 130
131 2812 365 2901 παραμόνιμον
386 2811 449 2899 την
473 2811 653 2898 ἀφέλειαν·
686 2815 803 2882 πολλοὶ
825 2814 878 2898 δέ,
901 2809 984 2878 ὅσον
1005 2803 1048 2877 άν
1070 2805 1137 2894 μετ’

129 2917 211 3000 ἐμοῦ
222 2912 344 2999 χρόνον
354 2905 431 3000 τόσι,
443 2913 637 2999 θαυμάσιον
648 2909 866 2995 ἐπιδιδόασιν,
878 2908 1012 2979 ἐπειδὰν
1024 2911 1063 2977 δέ
1070 2934 1138 2994 μου

130 3012 357 3102 ἀπόσχωνται,
379 3012 482 3082 πάλιν
499 3011 601 3081 ούδέν
619 3015 836 3097 διαφέρουσιν
847 3007 1001 3079 ὁτουοῦν.
1034 3007 1137 3076 τοῦτο’

130 3141 208 3184 ποτε
222 3120 350 3184 ἔπαθεν
366 3111 563 3200 Ἀριστείδης
580 3107 806 3199 ὁΛνσιμάχου
816 3108 889 3189 υίὸς
900 3117 960 3178 τοῦ
980 3107 1137 3196 Ἀριστεί-

129 3221 200 3284 δον.
236 3220 415 3302 διατρίβων
435 3211 499 3300 γάρ
521 3210 588 3301 μετ’
600 3215 683 3299 ἐμοῦ
705 3210 864 3299 πάμπολυ
882 3209 1081 3280 ἐπεδεδώκει
1100 3212 1138 3275 ἐν

129 3313 229 3407 ὀλίγῳ
241 3316 369 3405 χρόνω·
385 3320 496 3382 ἔπειτα
509 3311 600 3404 αύτῷ
610 3318 762 3398 στρατεία
773 3337 821 3391 τις
827 3314 956 3396 ἐγένετο
968 3313 1022 3378 καὶ
1034 3307 1136 3400 ᾤχετο

128 3418 291 3484 ἐκπλέων·
318 3412 410 3502 ἥκων
430 3411 467 3481 δὲ
489 3410 717 3500 κατελάμβανε
738 3408 804 3498 μετ’
820 3413 904 3497 ἐμοῦ
926 3412 1138 3494 διατρίβοντα
