2422 3780
145 131 209 196 344
342 138 671 197 ΑΛΚΙΒΙΑΔΗΣ
690 141 959 200 ΔΕΥΤΕΡΟΣ.
1121 148 1158 204 74

103 314 124 363 1)
149 317 185 365 σε
204 298 333 365 ἐθέλειν
350 303 503 384 χρῆσθαι.
528 294 709 383 ἀναγκαῖον
721 291 785 366 οὖν
796 301 862 367 έστὶ
872 304 1076 387 περιμένειν,
1094 303 1158 380 ἕως

147 395 191 462 ἀν
201 422 249 474 τις
262 397 368 485 μάθῃ,
381 393 426 474 ἀς
439 401 490 464 δεῖ
499 394 581 483 πρὸς
591 399 695 477 θεοὺς
705 400 760 467 καὶ
772 397 855 484 πρὸς
867 398 1071 486 ἀνθρώπους
1083 405 1158 468 διἀ-

147 504 288 563 κεῖσθαι.

229 601 311 664 xlv.
353 601 424 662 AA.
458 595 546 662 Πότε
563 587 627 662 οὖν
643 602 801 683 παρέσται
818 594 836 666 ὁ
853 599 974 683 χρόνος
990 591 1105 685 οὗτος,
1129 593 1158 667 οἳ

147 693 343 778 Σώκρατες,
359 694 413 762 καὶ
424 701 472 773 τίς
483 690 501 761 ὁ
513 694 721 776 παιδεύσωυς
738 693 856 782 ἥδιστα
867 694 931 783 γάρ
944 695 987 764 ἀν
998 723 1053 783 μοι
1067 702 1159 766 δοκῶ

148 797 232 860 ἰδεῖν
243 797 365 860 τοῦτον
375 790 436 860 τόν
448 790 633 877 ἀνθρωπον
645 801 692 872 τίς
702 798 800 863 ἐστιν.

231 898 305 960 m.
339 883 477 981 Οὗτος
466 918 491 958 υ
481 883 601 978 μέλει
618 896 693 980 περι
704 902 776 961 σου
800 892 884 962 αλλα
896 899 988 962 θοκει
1002 920 1073 1015 μοι,
1094 895 1158 975 ὥς·

146 1017 208 1075 περ
231 999 278 1080 τῷ
299 992 461 1078 Διομήδει
488 994 570 1112 6606
590 989 653 1077 τὴν
670 988 818 1078 Ἀθηνᾶν
832 989 1018 1078 ΗὈμυρος
1000 990 1065 1060 από
1088 1000 1158 1061 τῶν

147 1058 337 1175 ὀφθαλμῶν
347 1088 482 1210 ἀφελεῖν
496 1089 558 1178 τὴν
569 1090 692 1177 ἀχλύν,

234 1187 313 1272 ὄφρ’
328 1191 366 1255 εὐ
377 1189 557 1274 γιγνώσκοι
567 1187 650 1276 ἦμεν
661 1189 747 1258 θεὸν
757 1187 815 1274 ήθέ
827 1190 882 1256 καὶ
894 1188 1018 1309 ἀνδρα,

109 1307 130 1357 Ε
149 1286 237 1355 οὕτω
255 1289 310 1356 καὶ
328 1290 380 1355 σοι
398 1285 498 1355 δειυ’
479 1286 543 1355 από
557 1315 614 1374 της
624 1296 873 1375 φυχηςπρωτου
885 1287 945 1375 τὴν
957 1287 1157 1375 ἀχλὺνάφε-

148 1387 248 1455 λόυτα
256 1436 266 1471 ,
278 1384 299 1472 6
316 1393 380 1455 νῦν
391 1395 545 1470 παροῦσα
556 1385 726 1474 τυγχάνει,
740 1386 777 1455 τό
790 1396 948 1475 τηυικαυτ
951 1385 1044 1474 '666
1056 1413 1157 1472 προς-

149 1491 262 1572 φέρειν
288 1483 331 1552 δι’
357 1477 405 1553 οἷν
426 1489 554 1570 μέλλεις
573 1485 765 1571 γνώσεσθαι
789 1487 871 1575 ἠμέν
890 1487 997 1557 κακόν
1019 1487 1077 1576 666
1102 1491 1157 1557 καὶ

149 1585 283 1654 ἐσθλόν.
297 1595 363 1654 νῦν
374 1586 435 1672 μὲν
446 1584 510 1671 μάρ
522 1584 584 1655 οὐκ
597 1585 640 1655 ἀν
650 1614 706 1674 μοι
717 1593 825 1667 δοκεῖς
836 1593 1033 1674 δυνηθῆναι.

233 1694 304 1755 ΑΛ.
334 1683 546 1772 Ἀφαιρείτω,
568 1696 632 1755 εἴτε
642 1688 798 1773 βούλεται
808 1684 870 1774 τὴν
882 1684 988 1772 ἀχλὺν
1000 1695 1063 1754 εἴτε
1075 1683 1157 1752 ἀλλο

148 1812 193 1854 τι·
208 1783 252 1864 ἀς
263 1784 326 1870 ἐμοὶ
338 1784 608 1871 παρεσκεύασμαι
617 1785 727 1872 μηθέν
741 1783 784 1853 ἀν
796 1800 916 1871 φυγεῖν
926 1792 995 1852 τῶν
1006 1782 1062 1850 ὑπ’
1073 1787 1158 1851 έκεί-

149 1911 211 1953 νου
222 1889 533 1970 προσταττομένων,
551 1883 641 1964 ὅστις
652 1881 728 1952 ποτ’
740 1884 828 1951 ἐστὶν
840 1881 857 1950 6
869 1881 1065 1967 ἅνθρωπος,
1080 1891 1111 1950 ελ
1119 1908 1159 1967 με

35 2002 48 2023 ’
149 1988 298 2070 μέλλοιμι
308 1988 448 2071 βελτίων
459 1986 625 2068 γενέσθαι.

20 2108 22 2113 ·
81 2107 130 2158 151
234 2090 307 2151 ΣΩ.
344 2080 442 2150 Ἀλλά
464 2080 531 2168 μὴν
552 2083 677 2162 ἐκεῖνος
697 2078 897 2166 θαυμαστὴν
919 2078 1003 2164 ὅσην
1024 2084 1097 2161 περὶ
1121 2082 1160 2149 σὲ

148 2187 343 2268 προθυμίαν
354 2185 427 2266 ἔχει,

234 2287 304 2349 ΑΛ.
340 2285 400 2359 Εἰς
416 2279 490 2348 τότε
505 2285 621 2347 τοίνυν
632 2278 687 2345 καὶ
696 2275 758 2364 τὴν
769 2283 895 2345 θυσίαν
906 2274 1158 2363 ἀναβάλλεσθαι

150 2381 327 2466 κράτιστον
338 2377 424 2447 εἷναί
431 2405 488 2466 μοι
499 2383 598 2446 δοκεῖ.

233 2487 309 2549 ΣΩ.
341 2482 407 2547 Καὶ
428 2475 542 2562 ὀρθῶς
561 2479 601 2563 γέ
622 2498 675 2544 σοι
697 2481 801 2544 δοκεῖ·
827 2474 1075 2562 ἀσφαλέστερον
1092 2475 1158 2563 μάρ

149 2584 239 2649 ἐστιν
249 2577 272 2668 6
283 2576 586 2664 παρακινδυνεύειν
596 2581 760 2645 τοσοῦτον
771 2579 940 2643 κίνδυνον.

233 2685 303 2748 ΑΛ.
334 2676 530 2763 Ἀλλάποὸς,
553 2669 788 2759 ἀΣοέκρατεςς
811 2675 867 2742 καὶ
876 2671 1086 2760 μὴντουτονλ
1096 2675 1158 2743 τόν

150 2781 333 2865 στέφανον,
356 2777 468 2864 ἐπειδή
489 2802 545 2863 μοι
564 2781 672 2854 δοκελς
694 2781 803 2852 καλῶς
825 2778 1155 2862 ξυμβεβουλευκέυαι,

112 2904 131 2954 B
151 2879 203 2947 σοὶ
225 2876 414 2964 περιθήσω·
436 2889 504 2954 τολς
524 2885 617 2954 θεοῖς
639 2873 675 2942 66
696 2875 752 2941 καὶ
771 2871 958 2959 στεφάνους
978 2876 1033 2940 καὶ
1054 2866 1158 2941 τάλλα

151 2978 259 3048 πάντα
283 2973 324 3044 τά
341 2974 540 3062 νομιζόμενα
557 2971 631 3042 τότε
648 2972 815 3059 δαίσομεν,
840 2969 922 3040 όταν
944 2976 1075 3058 ἐκείνην
1095 2969 1157 3056 τὴν

149 3077 277 3167 ἡμέραν
289 3080 460 3146 ἐλθοῦσαν
472 3080 541 3144 tom.
562 3072 633 3163 ἥξει
646 3069 676 3141 6’
692 3069 733 3140 06
747 3068 801 3140 όιά
810 3078 942 3159 μακροῦ
953 3073 1081 3139 τούτων
1094 3082 1156 3139 θε-

150 3180 287 3249 λόντων.

124 3324 143 3373 F
243 3285 311 3367 ζέε.
343 3274 439 3345 Ἀλλά
453 3278 587 3362 δέχομαι
599 3275 773 3358 καὶτοῦτο,
786 3274 841 3340 καὶ
852 3271 933 3340 ἀλλο
946 3269 1015 3338 66''
993 3297 1035 3338 αν
1046 3295 1076 3336 τι
1087 3275 1157 3335 τῶν

165 3385 336 3466 6022066
323 3379 531 3462 ρόοθέντωυ
552 3373 657 3462 ἡδέος
678 3377 780 3460 λθοιμι
801 3372 981 3458 δεξάμενον
1002 3367 1156 3455 ἐμαυτόν.
