2408 3780
447 175 676 233 ΦΑΙΔΡΟΣ.
1003 175 1066 238 209

56 335 123 405 θόν
131 331 347 419 τὴνῦύναμιν
355 333 494 400 ἑκάστου
505 332 733 418 φυλάττονται.
753 341 922 414 πείσαντες
931 335 992 420 μὲν
1001 329 1063 403 ούν
1080 349 1103 398 1)

56 438 266 519 απέχθεσθαί
277 451 313 498 σε
324 429 452 510 τούτοις
464 436 509 510 είς
520 434 658 516 ἐρημίαν
669 437 776 516 φίλων
787 439 996 516 καθιστᾶσιν,
1007 433 1065 500 ἐάν

57 529 93 598 δὲ
103 528 140 597 τό
154 534 298 596 σεαυτοῦ
309 535 445 596 σκοποῐν
458 526 596 612 ἀμεινον
606 530 742 595 ἐκείνων
753 536 891 615 φρονῇς,
903 526 991 614 ἥξεις
1002 525 1065 594 αῦ-

55 643 125 707 τοῑς
142 634 187 706 εἰς
205 625 385 712 διαφοράν·
408 625 482 693 ὅσοι
500 627 536 693 δὲ
551 623 595 711 μὴ
614 629 753 708 ἐρῶντες
764 630 897 712 ἔτυχον,
920 623 1003 692 ἀλλά
1017 623 1060 691 δι’

56 723 181 812 ἀρετὴν
198 729 344 809 ἔπραξαν
362 715 410 791 όν
428 725 579 811 ἐδέοντο,
602 720 664 790 οῦκ
683 718 726 789 ἀν
741 737 810 802 τοῖς
820 730 962 792 συνοῦσι
973 733 1065 808 φθο-

56 841 165 910 νοῖεν,
188 822 271 893 ἀλλά
287 822 366 902 τούς
383 822 427 910 μὴ
445 825 622 902 ἐθέλοντας
637 836 782 908 μισολεν,
804 820 987 910 ἡγούμενοι
1003 820 1061 889 ὑπ’

56 929 194 993 ἐκείνων
205 924 265 1009 μὲν
276 921 525 1010 ὑπερορᾶσθαι,
537 918 604 988 ύπό
615 928 684 989 τῶν
695 920 868 989 συνόντων
878 924 914 988 δὲ
926 919 1065 1007 ἀφελεῖ-

56 1034 149 1108 σθαι,
163 1020 246 1090 ὥστε
257 1019 344 1090 πολύ
356 1026 480 1088 πλείων
491 1021 580 1098 ἐλπὶς
591 1025 705 1106 φιλίαν
715 1017 827 1100 αὐτοῖς
837 1023 873 1088 ἐκ
883 1027 944 1086 τοῦ
955 1020 1063 1105 πράγ·
1080 1035 1101 1085 E

55 1115 190 1206 ματοςῆ
203 1125 329 1204 ἔχθραν
342 1119 553 1204 γενήσεσθαι.

142 1225 220 1287 V111.
264 1220 330 1284 Καὶ
346 1220 407 1303 μὲν
424 1213 465 1302 δὴ
483 1223 551 1283 τοῖν
567 1219 627 1301 μὲν
643 1215 799 1299 ἐρώντων
816 1219 931 1284 πολλοὶ
943 1216 1063 1301 πρότε-

56 1342 121 1398 ρον
137 1322 197 1381 τοῦ
214 1314 364 1400 στόματος
381 1313 598 1399 ἐπεθύμησαν
608 1307 632 1399 ἦ
640 1309 699 1379 τόν
710 1312 836 1397 τρόπον
847 1317 997 1398 ἔγνωσαν
1008 1314 1063 1380 καὶ

55 1421 126 1480 τῶν
136 1410 249 1480 ἀλλων
260 1418 392 1480 οἰκείων
403 1418 551 1497 ἔμπειροι
561 1413 734 1495 ἐγένοντο,
754 1408 838 1478 ὥστε
849 1410 975 1497 ἀίδηλον
988 1407 1062 1494 [αῦ-

54 1519 133 1594 τοῖς]
146 1514 231 1577 είέτι
241 1511 315 1578 τότε
326 1509 547 1597 βουλήσονται
557 1515 648 1594 φίλοι
658 1506 759 1593 εἶναι,
779 1507 912 1576 ἐπειδάν
923 1515 981 1594 της
991 1511 1062 1573 ἐπι-

54 1616 181 1695 θυμίας
197 1608 404 1677 παύσωνται·
426 1620 494 1684 τοῑς
511 1608 547 1675 δὲ
565 1603 609 1692 μὴ
628 1609 764 1692 ἐροῦσιν,
787 1613 821 1675 οἳ
834 1605 1064 1690 καὶπρότερον
1079 1618 1130 1672 23³

55 1704 210 1792 ἀλλήλοις
221 1713 312 1792 φίλοι
323 1706 417 1785 ὄντες
426 1711 530 1773 ταῦτα
542 1709 703 1790 ἔπραξαν,
716 1702 778 1772 οῦκ
790 1707 822 1784 ἐξ
834 1695 882 1772 ἀν
893 1700 936 1771 ἀν
947 1697 986 1770 εύ
998 1703 1063 1770 πά-

55 1815 144 1872 θωσι
155 1812 258 1872 ταῦτα
268 1803 355 1883 εέκός
365 1802 485 1872 ἐλάττω
497 1798 560 1888 τὴν
571 1807 686 1886 φιλίαν
697 1801 808 1878 αύτοῐς
819 1808 967 1888 ποιῆσαι,
979 1799 1062 1869 ἀλλά

14 1940 19 1951 ·
54 1912 160 1970 ταῦτα
181 1916 321 1989 μνημεῖα
344 1908 608 1987 καταλειφθῆναι
625 1905 694 1966 τόν
710 1898 900 1984 μελλόντων
917 1905 1061 1968 ἔσεσθαι.

54 2002 110 2069 καὶ
132 2001 194 2086 μὲν
216 1997 256 2084 δὴ
277 2006 423 2087 βελτίονί
435 2022 489 2067 σοι
505 1997 666 2084 προσήκει
681 2001 840 2083 γενέσθαι
857 2000 928 2082 ἐμοὶ
943 2006 1063 2064 πενθο-

10 2142 12 2163 ,
54 2103 144 2188 με’νςο
155 2094 178 2184 ἦ
189 2102 318 2185 ἐραστῇ.
350 2101 469 2167 ἐκείνοι
479 2093 615 2183 μὲνγὰρ
628 2096 682 2163 καλ
693 2093 783 2180 παρά
793 2092 830 2162 τὸ
842 2099 1012 2180 βέλτιστον
1022 2094 1063 2162 τά

56 2221 92 2261 τε
103 2196 264 2282 λεγόμενα
274 2198 328 2262 καλ
339 2195 379 2263 τά
390 2195 597 2281 πραττόμενα
607 2196 797 2277 ἐπαινοῦσι,
817 2190 857 2260 τά
875 2192 934 2279 μὲν
953 2193 1063 2261 δεδιό-

56 2317 110 2368 τες
121 2289 165 2378 μη
177 2290 402 2379 ἀπέχθωνται,
415 2292 454 2361 τά
466 2294 503 2360 δέ
514 2287 673 2359 καλαύτοὶ
683 2304 794 2376 χεῖρον
805 2289 858 2357 διά
871 2290 932 2378 τὴν
943 2295 1062 2360 ἐπιθυ·
1080 2301 1100 2351 Β

56 2395 138 2472 μίαν
157 2389 407 2476 γιγνώσκοντες.
436 2396 572 2458 τοιαῦτα
593 2387 657 2474 γὰρ
680 2385 697 2455 ὁ
719 2392 802 2471 ἔρως
824 2392 1061 2456 ἐπιδείκνυται·

58 2492 304 2574 δυστυχοῦντας
320 2495 398 2574 μέν,
420 2486 443 2554 ἀ
458 2486 502 2574 μη
515 2489 624 2574 λύπην
635 2501 702 2565 τοῖς
713 2484 823 2566 ἀλλοις
834 2489 977 2573 παρέχει,
988 2484 1063 2555 ἀνι-

57 2586 123 2668 αρά
134 2599 221 2652 ποιεῖ
231 2592 389 2671 νομίζειν·
406 2584 627 2672 εὐτυχοῦντας
638 2584 674 2653 δὲ
685 2585 739 2653 καὶ
749 2582 789 2650 τά
801 2580 978 2671 μὴὴῦονῆς
989 2582 1063 2664 ἀξια

56 2681 135 2766 παρ’
154 2685 292 2750 ἐκείνων
307 2685 446 2752 ἐπαίνου
462 2680 637 2769 ἀναγκάζει
658 2682 847 2768 τυγχάνειν·
869 2680 953 2750 ὥστε
976 2680 1063 2750 πολύ

57 2788 184 2848 οῦλλον
200 2783 302 2849 ἐλεεῖν
319 2795 386 2860 τοῖς
403 2785 579 2867 ἐρωμένοις
593 2776 616 2868 ἢ
628 2786 749 2866 ζηλοῦν
760 2777 883 2858 αύτούς
893 2779 1061 2867 προσήκει.

57 2878 116 2945 ε’ἀν
132 2878 163 2949 δ’
182 2884 254 2966 ἐμοὶ
268 2889 386 2969 πείθη,
409 2880 615 2966 πρῶτονμὲν
627 2878 740 2967 ούτήυ
750 2886 927 2965 παροῦσαν
937 2877 1065 2965 ἡδονὴν
1160 2877 1161 2881 “

57 2979 259 3059 θεραπεύων
270 2982 454 3065 συνέσομαί
462 3001 530 3064 σοι,
542 2976 626 3048 ἀλλά
636 2981 691 3047 καὶ
701 2974 764 3064 τὴν
774 2979 963 3062 μέλλουσαν
975 2975 1064 3061 ἀφέ-

56 3080 314 3160 λειαυέσεσθαι,
333 3075 394 3162 ούχ
404 3073 462 3145 ὑπ’
475 3083 596 3161 ἐρωτος
605 3074 790 3162 ἡττώμενος
796 3125 806 3159 ,
830 3072 905 3141 ἀλλ’
918 3078 1064 3159 ἐμαυτοῦ
1082 3090 1105 3143 0

56 3180 206 3258 κρατῶν,
229 3172 308 3242 οῦδὲ
326 3173 381 3241 διὰ
394 3172 515 3262 σμικρά
527 3171 668 3261 ίσχνράν
678 3177 802 3258 ἔχθραν
813 3168 1064 3257 ἀναιρούμενος,

57 3268 142 3336 ἀλλά
156 3270 209 3338 διὰ
221 3273 347 3358 μεγάλα
358 3276 506 3358 βραὸἐως
517 3270 633 3357 ὀλίγην
644 3267 749 3357 ὀργὴν
760 3268 975 3357 ποιούμενος,
997 3277 1065 3338 τω”ν

57 3369 120 3453 μὲν
136 3365 303 3437 ἀκουσίων
320 3371 523 3456 συγγνώμην
533 3377 635 3457 ἔχων,
656 3366 697 3438 τά
709 3369 745 3437 δὲ
755 3368 892 3437 ἑκούσια
901 3369 1069 3451 πειράρε·
1115 3310 1152 3501 ,ἰ

143 3465 234 3517 Ριιιτο
254 3466 286 3519 ll.
891 3464 936 3516 xix
1137 3472 1141 3479 “
