2408 3780
444 166 681 226 ΦΙΛΗΒΟΣ.
1020 166 1063 229 79

57 349 139 410 τνρα
158 328 284 406 ἐκείνα,
308 331 410 410 πέρας
420 328 475 392 καὶ
485 324 624 410 ἄπειρον
634 327 689 393 καὶ
700 325 814 396 κοινὸν
824 329 879 396 καὶ
889 326 925 395 τῦ
938 334 996 414 τῆς
1008 337 1059 398 αί-

58 431 125 502 τίας
136 424 244 509 γένος,
256 425 293 490 ἐν
304 422 407 490 ἅπασι
418 429 573 508 τέταρτον
584 423 673 508 ἐνόν,
684 432 782 491 τοῦτο
794 427 830 491 ἐν
838 424 899 511 μὲν
907 439 975 504 τοῖς
984 424 1057 512 παρ’
1078 444 1097 494 Β

58 520 134 607 ἡμῖν
143 521 254 607 ψυχήν
261 546 296 588 τε
307 523 450 605 παρέχον
461 520 515 587 καὶ
526 526 718 606 σωμασκίαν
729 524 889 607 ἐμποιοῦν
900 524 954 590 καὶ
964 532 1059 591 πταί-

58 639 177 697 σαντος
201 618 352 705 σοι’ματος
375 616 528 705 ἰατρικὴν
546 621 600 687 καὶ
618 623 653 685 ἐν
670 617 782 698 ίίλλοις
798 619 882 688 ἄλλα
900 624 1059 688 συντιθὲν

56 717 110 785 καὶ
127 713 319 802 οἰκούμενον
329 724 440 784 πᾶσαν
452 719 506 785 καὶ
517 725 678 786 παντοίαν
689 724 812 803 σοφίαν
821 721 1058 800 ἐπικαλεῖσθαι,

57 821 124 881 τῶν
145 812 176 880 δ’
197 811 310 882 αὐτῶν
324 814 454 883 τούτων
471 812 581 882 ὄντων
591 818 628 881 ἐν
639 812 705 904 ῦλφ
716 840 752 882 τε
763 812 897 903 οὐρανῷ
909 818 964 884 κοιλ
975 816 1057 884 κατὰ

57 911 184 998 μεγάλα
196 914 295 997 μέρη,
314 912 369 979 καὶ
379 913 514 997 προσέτι
525 918 638 978 καλοῦν
648 914 702 980 καί
715 916 919 998 είλικρινοῦν,
931 917 969 982 ἐν
979 915 1059 982 τοῦ-

57 1033 124 1087 τοις
142 1005 174 1074 δ’
189 1004 251 1076 οῦκ
263 1006 328 1092 ίίρα
338 1015 591 1095 μεμηχανῆσθαι
601 1007 662 1096 τὴν
672 1017 740 1077 νῦν
751 1018 935 1079 καλλίστοιν
944 1016 999 1081 καὶ
1009 1040 1059 1080 τι-

59 1105 231 1193 μιωτάτων
243 1104 356 1191 φύσιν.

140 1222 241 1284 ΠΡΩ.
272 1213 360 1285 Ἀλλ’
372 1216 525 1305 οῦῦαμῦς
535 1217 633 1286 τοῦτό
645 1217 679 1303 γ’
691 1213 734 1286 α’ίν
746 1220 847 1305 λόγον
859 1225 933 1307 ἔχοι.
1076 1245 1095 1298 (ι

142 1334 217 1396 Σίλ.
253 1327 390 1398 Οὐκοῦν
408 1336 438 1399 εί
453 1330 497 1416 μὴ
509 1338 623 1414 τοῦτο,
648 1328 719 1416 μετ’
737 1335 867 1400 ἐκείνου
883 1335 1058 1421 τοῦλόγου

59 1424 102 1496 ι’ίν
113 1427 270 1513 ἑπόμενοι
280 1429 411 1515 βέλτιον
422 1430 583 1515 λέγοιμεν,
597 1425 640 1507 ὡς
651 1434 756 1514 ἔστιν,
769 1427 958 1513 ἃπολλοίκις
969 1438 1059 1522 είρή-

15 1577 26 1588 .,
58 1551 171 1612 καμεν,
184 1524 322 1608 ἄπειρόν
333 1551 367 1594 τε
378 1530 416 1594 ἐν
424 1534 471 1614 τῷ
480 1528 576 1596 παντὶ
588 1527 684 1609 πολύ,
695 1529 749 1594 καὶ
757 1532 857 1613 πέρας
867 1530 994 1615 ίκανόν,
1005 1544 1060 1599 καί

59 1651 104 1702 τις
122 1620 176 1692 ἐπ’
195 1621 306 1702 αὐτοῖς
323 1629 408 1691 αἰτία
420 1621 462 1691 οῦ
473 1625 602 1710 φαῦλη,
624 1625 794 1709 κοσμοῦσά
806 1651 841 1694 τε
852 1629 907 1694 καλ
918 1628 1059 1696 σνντοὶτ-

59 1742 162 1790 ιονσα
179 1720 350 1800 ἐνιαυτούς
366 1748 401 1789 τε
418 1724 473 1790 καὶ
492 1719 580 1807 ὥρας
593 1725 647 1789 καλ
657 1729 764 1808 μῆνας
770 1772 779 1807 ,
803 1729 903 1808 σοφία
914 1727 968 1793 καὶ
979 1734 1060 1805 νοῦς

58 1823 216 1907 λεγομένη
229 1817 409 1888 δικαιότατ’
422 1818 474 1887 ι’ίν.

139 1939 241 2002 ΠΡΩ.
273 1933 574 2022 Δικαιόταταῦητα.

140 2051 215 2114 ΣΩ.
247 2051 360 2130 Σοφία
375 2044 443 2132 μὴν
461 2047 515 2114 καὶ
531 2052 611 2125 νοῦς
628 2044 710 2115 ἄνευ
727 2055 832 2134 ψυχῆς
850 2045 912 2114 οὐκ
928 2047 972 2117 ι’ίν
982 2073 1060 2118 ποτε

56 2149 247 2229 γενοίσθην.

139 2247 241 2310 nm.
276 2234 484 2329 Οῦγὰροῦν.

141 2347 216 2409 Σίλ.
248 2338 384 2409 Οῦκοῦν
395 2343 432 2408 ἐν
442 2343 503 2425 μὲν
513 2348 553 2428 τῇ
562 2347 624 2408 τοῦ
635 2338 719 2420 Διὸς
728 2342 811 2424 ἐρεῖς
821 2342 921 2427 φύσει
932 2349 1100 2429 βασιλι-ι)

54 2437 119 2525 κήν
137 2438 201 2525 μὲν
217 2438 343 2525 ψυχήν,
366 2434 540 2525 βασιλικὸν
558 2437 593 2506 δὲ
610 2447 696 2506 νοῦν
711 2440 923 2524 ἐγγίγνεσθαι
935 2441 988 2507 ow}
1000 2441 1061 2527 τὴν

54 2544 110 2622 τῆς
121 2540 226 2615 αίτίας
238 2536 396 2622 δύναμιν,
407 2538 445 2604 ἐν
459 2538 495 2604 δὲ
506 2535 616 2615 ι’ίλλοις
627 2534 711 2604 ίίλλα
721 2537 823 2625 καλοί,
836 2537 916 2607 καθ’
932 2535 951 2606 ὃ
962 2545 1062 2624 φίλον

55 2633 204 2710 ἑκάστοις
214 2638 378 2718 λέγεσθαι.

139 2735 240 2797 nm.
276 2731 379 2799 Μαλα
390 2758 436 2817 γε

141 2834 216 2897 Σίλ.
254 2837 382 2898 Τοῦτον
397 2826 488 2916 δὴ
455 2856 513 2898 τον
526 2828 655 2915 λόγον“
638 2839 723 2916 ημᾶς
734 2830 779 2918 μη’
792 2857 823 2898 τι
836 2829 944 2918 μοίτην
956 2832 1061 2920 δόξης,

10 2918 280 3045 ωΠροίταρχε,
293 2931 467 3014 ίρηκεναι,
478 2924 571 2995 αλλ
569 2933 624 2996 στι
633 2930 769 3015 τοίςμίν
777 2927 905 2998 παλαι
886 2955 1063 3016 αποφηνα

10 3050 13 3109 γ
55 3028 183 3109 μένοις,
199 3022 377 3103 ὦςοίελτοῦ
386 3022 719 3112 παντὸςνοῦςίίρχει,
738 3027 931 3115 ξῦμμαχοςέ
931 3034 1062 3105 κείνοις

141 3145 242 3207 ΠΡΩ.
266 3138 432 3226 Ἐστιγαρ
445 3131 517 3208 οῦν.

140 3259 216 3322 ΣΩ.
250 3259 299 3341 Τῇ
311 3254 349 3321 δέ
356 3278 394 3338 γε
405 3254 466 3340 ἐμῇ
478 3253 607 3339 ζητήσει
617 3253 803 3339 πεπορικιός
813 3250 1000 3338 ἀπόκρισιν,
1012 3250 1063 3321 ὅτι

58 3357 137 3430 νοῦς
148 3353 215 3419 ἐστὶ
224 3354 344 3436 γένους
354 3357 434 3438 [τῆς]
446 3359 507 3419 τοῦ
517 3352 653 3418 πάντων
663 3355 770 3418 αίτίου
781 3352 970 3436 λεχθέντος·
993 3356 1063 3418 νῦν
1081 3375 1102 3424 ιι
