2408 3780
126 147 189 209 312
494 150 599 209 ΠΛΑ
611 150 712 210 ΤΩΝ
719 151 782 210 ΟΣ
1095 158 1131 210 λλ

148 344 151 353 ,
212 314 289 375 ΣΩ.
324 307 552 396 Σκυτικῇὸἶμα
568 303 1059 454 ὑποδημάτοινέπιμελουμεθα;

93 426 113 478 0
213 411 285 473 AA.
314 413 399 475 Ναί.

210 508 285 570 ΣΩ.
312 496 356 570 H
369 530 424 572 και
414 483 544 582 ποδὸς
560 511 716 592 σκυτικῆς
742 531 763 591 η
751 496 929 592 Ηέκείνμ
905 532 926 593 μ
939 505 1044 584 πόδας
1054 511 1133 592 βελ-

129 607 406 686 τίουςποιοῦμενς

213 706 283 768 AA.
311 697 447 788 Εκείνη.

211 804 285 865 ΣΩ.
318 805 418 866 Βελτί
417 823 476 878 ους
487 798 523 867 δὲ
534 796 690 876 πόδας’
650 787 802 885 ουχῇιτερ
813 793 911 865 καὶ
878 822 915 863 το
927 794 1008 863 ἄλλο
1020 803 1135 881 σῶμα·

213 903 283 966 AA.
305 895 549 985 Ἐμοιγεδοκελ

213 1003 288 1064 ΣΩ.
322 993 461 1082 Αὕτηδ’
474 993 516 1064 οὐ
526 993 751 1081 γυμναστικῆς

216 1101 286 1161 AA.
320 1093 486 1161 Μάλιστα.

212 1196 286 1258 ΣΩ.
310 1197 524 1278 Ρυμναστικῇ
534 1189 667 1277 μὲνᾶρα
675 1186 776 1268 ποδὸς
785 1187 1040 1275 ἐπιμελούμεθα,
1049 1208 1133 1256 σκυ«

64 1318 68 1359 ·,
130 1287 402 1376 τικῇᾶὲταῑντοῠ
412 1287 530 1367 ποδόςς

218 1392 288 1452 AA.
321 1385 421 1452 Πάνυ
431 1411 478 1471 με.

215 1489 291 1553 ΣΩ.
320 1484 386 1551 Καὶ
402 1491 608 1570 γυμναστικῇ
621 1483 681 1571 μὲν
691 1490 828 1570 χειρῶν,
851 1486 1134 1611 δακτυλιογλυφίᾳ

57 1592 59 1597 ’
131 1579 444 1668 ὃὲτῶντῆςχειρόςς

217 1688 288 1746 AA.
320 1685 397 1747 Ναί.

216 1785 291 1847 ΣΩ.
321 1779 386 1845 Καὶ
408 1781 615 1864 γυμναστικῇ
637 1777 698 1863 μὲν
720 1775 884 1863 σώματος,
908 1771 1076 1862 ὑφαντικῇ
1098 1777 1135 1842 δὲ

90 1888 112 1939 D
131 1876 186 1943 καὶ
197 1887 266 1953 ταῖς
277 1872 390 1954 ἄλλοις
400 1882 468 1942 τῶν
478 1881 539 1942 τοῦ
551 1873 717 1960 σώματος;

217 1979 286 2042 AA.
321 1972 519 2041 Παντάπασι
530 1972 590 2059 μὲν
600 1965 674 2043 οὖν.

216 2079 291 2140 ΣΩ.
318 2064 421 2159 ’Ἁλλμ
432 2071 492 2156 μὲν
503 2069 567 2155 ἅμα
577 2071 674 2160 τέχνῃ
687 2067 791 2138 αὐτοῦ
802 2069 942 2138 ἑκάστου
959 2070 1134 2156 ἐπιμελού-

132 2179 237 2256 μεθα,
249 2168 334 2256 ἅλλμ
345 2169 381 2237 δὲ
391 2176 459 2236 τῶν
470 2165 584 2236 αὐτοῦ.

221 2272 288 2335 AA.
320 2270 484 2333 Φαίνεται.

215 2368 290 2433 ΣΩ.
326 2360 398 2432 Οὐκ
423 2360 488 2448 ἅμα
512 2359 595 2431 ὅταν
611 2368 680 2432 τοῖν
697 2364 818 2432 ἑαυτοῦ
834 2367 986 2450 ἐπιμελῇ,
1007 2369 1134 2431 σαυτοῦ

133 2467 282 2550 ἐπιμελεῖ.

218 2567 288 2630 AA
322 2557 495 2682 Οὐδαμας.

218 2665 293 2728 ΣΩ.
328 2656 377 2726 ον
388 2684 579 2746 μαμηαυτη
567 2654 748 2745 τέχνη,’
726 2684 770 2736 ως
781 2647 948 2742 ἔοικεν,
924 2649 1134 2744 ῃτιςαναὺ-

132 2767 192 2828 τοῦ
204 2786 238 2828 τε
250 2763 433 2845 ἐπιμελοῖτο
445 2760 576 2827 καὶτῶν
586 2753 701 2825 αὑτοῦ.

216 2863 284 2926 AA
320 2855 372 2924 06
384 2861 544 2942 φαίνεται.

212 2958 322 3024 xxiv
364 2960 440 3023 ΣΩ.
473 2953 628 3042 Φέρεᾶή,
651 2958 730 3042 ποία
746 2948 819 3019 ποτ’
843 2975 887 3018 αν
908 2946 1003 3036 ἡμῶν
1022 2945 1135 3016 αὐτῶν

131 3057 435 3140 ἐπιμεληθείημενς

224 3156 295 3218 AA.
331 3147 404 3219 Ουκ
416 3153 477 3236 ἔχω
488 3152 604 3236 λεγειν

95 3269 113 3319 E
211 3254 287 3316 ΣΩ.
307 3244 402 3316 Αλλα
413 3247 551 3315 τοσουᾶε
561 3273 598 3334 με
610 3244 869 3335 ωμολομηται,
848 3272 899 3315 οτι
910 3234 1056 3332 ουχηαν
1066 3266 1136 3310 των

67 3292 385 3527 ,ᾒμιτέμανκαΓ
370 3352 488 3415 οτιοῦν
495 3346 627 3436 βέλτιον
633 3357 793 3432 ποιοῖμεν,
800 3334 894 3413 ἀλλ’
870 3371 892 3434 μ
901 3341 984 3430 ἡμᾶς
994 3337 1133 3421 αὐτούς;
