2408 3780
64 182 99 236 87
455 173 687 233 ΦΑΙΔΡΟΣ.
1013 174 1076 236 225

64 343 300 419 προαιρεῖσθαι
318 341 433 421 φίλον·
455 331 539 404 ἀλλὰ
556 332 632 401 τάδε
650 330 734 417 πρὸς
751 336 866 424 ἐκείνῳ
884 339 990 414 δείξας
1013 361 1071 419 φε-

65 433 179 513 ρέσθω
202 429 242 498 τά
263 432 453 519 νικητήρια,
481 430 526 511 ἀς
547 427 610 500 οὐκ
636 427 691 498 ἐπ’
721 428 864 520 ἀφελείᾳ
886 429 903 498 ὁ
928 437 1010 515 ἔρως
1030 441 1077 517 τῷ

66 531 185 612 ἐρῶντι
207 529 262 595 καί
284 536 332 618 τῷ
352 530 505 620 ἐρωμένῳ
529 531 565 596 ἐκ
587 535 681 597 θεῶν
703 531 925 614 ἐπιπεμπεται.
942 524 1021 614 ἡμῖν
1041 527 1077 594 δὲ

66 624 282 693 ἀποδεικτέον
299 618 345 692 αά
364 625 578 711 τούναντίον,
601 623 647 704 ἀς
664 621 716 692 ἐπ’
735 621 869 714 εὐτυχίᾳ
884 635 924 714 τῇ
942 632 1077 712 μεγίστη

65 721 156 808 παρά
174 731 267 791 θεῶν
282 721 304 811 ἡ
321 726 456 812 τοιαύτη
474 732 576 813 μανία
594 728 735 793 δίδοται·
758 720 779 810 ἡ
797 725 832 792 δὲ
854 722 895 810 δὴ
913 721 1077 803 ἀπόδειξις
1095 730 1114 783 0

65 827 157 890 ἔσται
168 827 289 901 δεινοῖς
299 825 360 908 μὲν
372 822 524 907 άπιστος,
547 837 663 909 σοφοῖς
675 823 711 890 δὲ
722 820 829 907 πιστή.
850 812 974 890 δεῖοῦν
985 827 1078 907 πρῶ-

66 946 128 988 τον
140 929 247 1008 ψυχῆς
264 921 397 1007 φάσεως
412 925 487 1006 πέρι
503 927 598 999 θείας
612 946 647 988 τε
663 921 718 988 καὶ
735 916 952 1005 ἀνθρωπίνης
964 919 1079 987 ίδόντα

65 1019 161 1103 πάθη
168 1021 266 1086 τεκαὶ
276 1024 356 1105 ἔργα
363 1017 505 1106 τάληθὲς
512 1026 645 1107 νοῆσαι·
658 1014 741 1106 ἀρχὴ
755 1018 790 1088 δὲ
801 1015 997 1099 ἀποδείξεως
1006 1015 1076 1104 ἥδε.

151 1123 260 1186 XXIV.
307 1116 403 1203 Ψυχὴ
426 1125 515 1185 πάσα
537 1115 715 1195 ἀθάνατος.
744 1116 781 1184 τό
804 1114 868 1203 γάρ
890 1115 1078 1202 ἀεικίνητον

65 1212 256 1282 ἀθάνατον·
281 1212 318 1283 τὸ
332 1216 364 1281 δ’
382 1215 463 1284 ἀλλο
474 1224 595 1284 κινοῦν
605 1219 660 1284 καὶ
673 1213 733 1282 ὑπ’
749 1214 853 1283 ἀλλον
864 1216 1076 1302 κινούμενον,

66 1319 201 1379 παῦλαν
218 1316 294 1399 ἔχον
312 1314 488 1400 κινήσεως,
510 1321 644 1381 παῦλαν
659 1317 723 1399 ἔχει
734 1318 832 1400 ζωῆς·
858 1314 965 1400 μόνον
983 1311 1023 1397 δὴ
1039 1309 1076 1378 τὸ

66 1406 149 1477 αὑτὸ
168 1416 303 1495 κινοῦν,
326 1411 382 1479 ἅτε
400 1409 462 1480 οὐκ
480 1409 660 1480 ἀπολεῖπον
683 1412 800 1495 ἑαυτό,
826 1410 869 1477 οά
882 1436 961 1478 ποτε
985 1410 1077 1496 λη’γει

66 1508 281 1594 κινούμενον,
293 1506 377 1576 ἀλλά
387 1512 442 1578 καὶ
452 1523 520 1590 τοῖς
532 1510 644 1589 ἀλλοις
654 1508 717 1576 ὅσα
728 1523 867 1577 κινεῖται
877 1515 976 1575 τοῦτο
988 1504 1075 1593 πηγὴ

65 1606 122 1672 καλ
150 1602 232 1692 ἀρχὴ
261 1607 430 1693 κινήσεως.
461 1605 544 1696 ἀρχὴ
574 1607 610 1676 δὲ
636 1606 806 1692 ἀγένητον.
835 1609 868 1686 ἐξ
890 1605 992 1692 ἀρχῆς
1012 1602 1115 1690 γάρῖ)

67 1699 197 1791 ἀνάγκη
211 1713 278 1772 πᾶν
290 1703 327 1774 τό
345 1705 547 1792 γιγνόμενον
562 1712 753 1792 γίγνεσθαι,
778 1702 883 1791 αὐτην
901 1703 937 1773 δὲ
954 1699 1031 1790 μηδ’
1045 1705 1078 1781 ἐξ

67 1801 159 1880 ἑνός·
184 1808 215 1871 εί
224 1801 288 1889 γάρ
306 1809 342 1872 ἔκ
360 1830 421 1872 τον
439 1802 521 1891 ἀρχὴ
540 1810 704 1889 γίγνοιτο,
728 1800 791 1871 οὐκ
808 1798 853 1870 ἀν
869 1805 902 1882 ἐξ
915 1799 1016 1888 ἀρχῆς
1026 1808 1079 1886 γί-

66 1928 189 1988 γνοιτο.
212 1901 323 1990 ἐπειδὴ
343 1903 379 1970 δὲ
396 1900 559 1989 ἀγένητόν
576 1904 659 1988 ἐστι,
682 1904 737 1970 καὶ
759 1900 975 1988 ἀδιάφθορον
997 1895 1076 1966 αάτὸ

67 1997 196 2085 ἀνάγκη
209 1997 300 2068 εἶναι.
314 1996 414 2087 ἀρχῆς
425 1999 489 2086 γάρ
501 1999 542 2089 δὴ
554 1998 760 2086 ἀπολομένης
771 1999 848 2068 οὔτε
858 1998 941 2085 αὕτη
953 2023 1032 2065 ποτε
1042 2001 1078 2063 ἔκ

71 2123 130 2165 του
141 2095 219 2166 οὔτε
230 2097 311 2167 ἀλλο
328 2101 360 2180 ἐξ
375 2101 501 2186 ἐκείνης
518 2099 703 2188 γενήσεται,
717 2110 808 2185 είπερ
820 2101 853 2179 ἐξ
866 2095 969 2183 ἀρχῆς
980 2092 1078 2163 δεῖνά

70 2195 181 2263 πάντα
195 2203 381 2282 γίγνεσθαι.
403 2197 491 2266 οὕτω
507 2198 547 2285 δὴ
569 2200 728 2287 κινήσεως
749 2201 810 2285 μὲν
831 2196 914 2285 ἀρχη
937 2195 973 2264 τό
998 2193 1078 2262 αὐτὸ

68 2292 152 2364 αὐτὸ
174 2304 302 2364 κινοῦν.
324 2306 422 2365 τοῦτο
442 2298 478 2366 δὲ
494 2295 564 2364 οὔτ’
586 2295 797 2366 ἀπόλλυσθαι
812 2295 890 2365 οὔτε
905 2302 1081 2382 γίγνεσθαι

67 2394 232 2481 δυνατόν,
258 2390 280 2481 ἢ
294 2397 402 2464 πάντα
419 2422 454 2464 τε
472 2394 622 2483 οὐρανὸν
638 2395 750 2464 πάσάν
767 2422 801 2463 τε
812 2397 942 2481 γε’νεσιν
954 2412 1081 2478 συμπε-
1099 2409 1119 2458 Ε

68 2501 200 2562 σοῦσαν
215 2502 332 2588 στηηαι
348 2499 403 2564 καὶ
420 2497 545 2583 μήποτε
563 2489 665 2576 αὖθις
685 2500 771 2582 ἔχειν
793 2493 878 2562 ὅθεν
900 2493 1081 2581 κινηθέντα

66 2593 254 2679 γενήσεται.
278 2591 453 2663 ἀθανάτου
471 2595 506 2663 δὲ
517 2599 732 2682 πεφασμένου
743 2600 805 2662 τοῦ
817 2590 878 2679 ὑφ’
897 2592 1019 2660 ἑαυτοῦ
1030 2618 1083 2658 κι-

68 2694 257 2778 νουμένου,
279 2700 387 2778 ψυχῆς
404 2690 524 2762 οὐσίαν
539 2721 574 2761 τε
592 2696 647 2762 καὶ
664 2694 767 2779 λόγον
784 2699 906 2759 τοῦτον
917 2687 1023 2758 αὐτόν
1035 2715 1083 2767 τις

68 2795 179 2876 λέγων
191 2789 254 2859 οὐκ
272 2798 482 2877 αίσχννεῖται.
505 2801 573 2862 πᾶν
584 2792 648 2878 γάρ
660 2802 771 2881 σῶμα,
794 2784 824 2880 ςδ
833 2793 894 2878 μὲν
908 2797 1034 2872 ἔξωθεν
1044 2786 1081 2857 τὸ

68 2900 255 2976 κινεῖσθαι,
279 2890 424 2978 άψυχον,
446 2884 521 2984 ᾦδὲ
532 2897 675 2962 ἔνδοθεν
689 2891 780 2986 αὐτῷ
790 2896 824 2973 ἐξ
836 2889 958 2976 αὑτοῦ,
976 2897 1085 2976 ἔμψυ-

67 3017 147 3078 χον,
171 2988 216 3071 ὡς
233 2991 356 3078 ταύτης
374 2991 477 3079 οὔσης
494 2992 627 3080 φάσεως
645 3000 766 3079 ψυχῆς·
788 2998 818 3059 εί
838 2990 869 3058 δ’
895 2996 963 3057 ἔστι
984 2993 1082 3055 τοῦτο

71 3087 179 3171 οὕτως
190 3097 282 3179 ἕχον,
306 3090 350 3180 μὴ
363 3090 444 3160 ἀλλο
456 3120 486 3159 τι
498 3090 630 3160 εἶναιτὸ
642 3090 723 3159 αὐτὸ
736 3087 833 3158 ἕαντδ
852 3082 1004 3174 κινοῦνῆ
1017 3099 1085 3168 ψν-
1099 3097 1155 3154 246

69 3193 143 3278 χήν,
155 3198 187 3272 ἐξ
199 3191 348 3279 ἀνάγκης
359 3190 522 3277 ἀγένητόν
532 3219 568 3260 τε
579 3193 633 3258 καὶ
644 3187 817 3256 ἀθάνατον
827 3185 916 3275 ψυχὴ
927 3182 972 3254 ἀν
983 3195 1042 3273 είη.

157 3299 254 3362 XXV.
297 3294 381 3380 Περὶ
392 3292 453 3378 μὲν
465 3285 530 3360 οάν
542 3291 728 3366 ἀθανασίας
742 3284 844 3374 αὐτῆς
855 3291 991 3366 ἱκανάς·
1010 3287 1085 3369 περὶ

72 3392 177 3477 δὲιῆς
200 3393 288 3470 ἰδέας
313 3388 414 3477 αὐτῆς
439 3383 504 3458 οἶδε
525 3393 673 3459 λεκτέον·
696 3381 768 3456 οἷον
785 3388 847 3473 μέν
869 3389 960 3470 ἐστιρ
977 3386 1100 3464 πάσας

160 3489 250 3543 Ριλτο
266 3487 298 3541 H.
915 3485 958 3536 Va
