2422 3780
136 154 198 214 222
497 156 713 213 ΠΛΑΤΩΝ
722 155 784 213 ΟΣ
1105 159 1142 214 84

136 309 241 380 αὐτοῦ
258 317 389 399 εἰπέτην
407 298 617 392 τός’τοιούτου
633 311 738 391 ὄντος.
761 312 864 400 ταύτη
875 339 910 380 τε
921 305 984 380 οὖν
994 314 1145 397 ήμαρτα-

136 416 234 496 νέτην
255 414 329 496 περί
350 410 565 495 τὸνἝρωτα,
589 415 636 477 ἔτι
656 437 691 477 τε
711 407 731 496 ἡ
756 409 894 496 εὐήθεια
916 409 1031 478 αύτοῖν
1052 410 1145 476 πάνυ

136 509 263 592 ἀστεία,
285 507 321 576 τδ
335 510 438 595 μηδὲν
449 506 537 592 ὑγιὲς
548 508 681 592 λέγοντε
692 506 773 593 μηδὲ
785 505 908 594 ἀληθὲς
919 507 1146 594 σεμνύνεσθαι

67 615 118 670 243
136 603 179 686 ὡς
199 608 229 674 τὶ
248 605 341 693 ὅντε,
371 612 401 674 εί
420 604 486 690 ἀρα
507 603 765 691 ἀνθρωπίσκους
785 605 878 684 τινάς
901 606 1145 692 έξαπατήσαντε

27 702 29 706 ’
139 703 396 790 εύδοκιμήσετον
407 707 442 771 ἐν
457 701 577 780 αὐτοῖς.
591 705 663 790 έμοδ
673 705 735 789 μὲν
746 694 825 791 οὖν,
839 696 866 770 τό
879 711 970 790 φίλε,
989 705 1146 790 καθήρα-

138 812 219 868 σθαι
235 800 379 888 ἀνάγκη·
403 805 519 870 ἔστιδὲ
535 804 602 880 τοῖς
614 799 839 888 ἁμαρτάνουσι
850 806 924 892 περὶ
934 809 1146 890 μυθολογίαν

138 897 312 986 καθαρμὸς
329 897 478 985 ἀρχαῖος,
501 896 542 966 δν
553 898 697 985 Ὅμηρος
714 899 776 986 μὲν
792 899 855 968 ούκ
865 901 1008 989 ᾔσθετο,
1020 907 1145 987 Στησί-

137 1022 234 1081 χορος
257 998 302 1063 δέ.
329 1003 395 1062 τῶν
410 994 476 1082 γάρ
493 994 652 1082 ὀμμάτων
668 1000 839 1084 στερηθεὶς
855 997 914 1075 ,διά
937 998 998 1085 τήν
1015 997 1146 1083 Ἑλένης

138 1101 339 1179 κακηγορίαν
349 1090 412 1160 ούκ
422 1091 589 1180 ήγνόησεν
602 1093 876 1183 όσπερὍμηρος,
899 1094 973 1164 ἀλλ’
991 1095 1048 1164 ἀτε
1060 1122 1145 1182 μου-

139 1193 230 1271 σικός
243 1188 291 1259 έίν
302 1198 387 1278 ἔγνω
397 1192 459 1279 τήν
470 1200 587 1279 αίτίαν,
599 1197 654 1262 καὶ
665 1209 753 1263 ποιεῖ
762 1194 868 1273 εὐθὺς

220 1287 282 1356 ούκ
294 1289 362 1357 ἔστ’
375 1295 493 1376 ἔτυμος
503 1292 602 1376 λόγος
613 1284 721 1377 ούτος,

221 1383 295 1454 οὐδ’
314 1392 390 1474 ἔβας
407 1391 444 1455 ἐν
461 1393 581 1473 νηυσὶν
599 1387 785 1475 εύσέλμοις,
808 1387 881 1456 οὐδ’
900 1395 970 1458 ’ίκεο
988 1395 1144 1475 Πέργαμα

100 1502 119 1550 Β
551 1495 687 1574 Τροίας·

137 1584 192 1650 καὶ
209 1584 346 1670 ποιήσας
364 1582 404 1671 δή
423 1592 533 1651 πᾶσαν
551 1583 613 1670 τήν
630 1589 840 1672 καλουμένην
858 1591 1062 1677 παλινῳδίαν
1081 1611 1147 1652 πα-

139 1689 287 1768 ραχρῆμα
308 1679 499 1769 ἀνέβλεψεν.
521 1683 585 1768 ἐγώ
603 1676 667 1749 οὖν
685 1683 873 1769 σοφώτερος
891 1687 1026 1754 ἐκείνων
1047 1681 1148 1768 γενή-

139 1799 237 1864 σομαι
249 1776 321 1845 κατ’
334 1779 415 1848 αύτό
426 1807 465 1867 γε
475 1789 590 1848 τοῦτο·
609 1785 689 1867 πρὶν
698 1781 763 1867 γόρ
774 1809 805 1849 τι
815 1792 937 1850 παθεῖν
948 1781 1002 1848 διά
1014 1780 1074 1866 τήν
1086 1787 1147 1848 τοῦ

130 1875 275 1959 Ἔρωτος
288 1887 493 1964 κακηγορίαν
503 1879 701 1966 πειρήσομαι
711 1876 803 1969 αύτῷ
813 1879 997 1948 ἀποδοῦναι
1007 1876 1069 1964 τήν
1081 1904 1149 1945 πα-

141 1977 315 2064 λινῳδίαν,
339 1985 451 2066 γυμνή
471 1986 512 2066 τῇ
534 1985 679 2064 κεφαλή,
702 1979 757 2044 καὶ
777 1975 837 2062 ούχ
856 1977 966 2060 ὥσπερ
988 1976 1061 2042 τότε
1081 1972 1146 2040 ’ὑπ’

140 2074 299 2159 αἰσχύνης
310 2077 600 2161 ἐγκεκαλυμμένος.

225 2178 313 2237 ΦΑΙ.
351 2179 509 2258 Τουτωνί,
523 2165 747 2256 οἷΣόκρατες,
761 2168 823 2238 ούκ
834 2175 923 2237 ἔστιν
933 2166 1005 2238 ἅττ’
1018 2165 1062 2235 ἀν
1074 2171 1149 2254 ἐμοὶ

141 2265 226 2345 εἶπες
237 2265 328 2352 ἡδίω.
726 2340 728 2345 ,

223 2372 302 2433 ΧΧΙ.
346 2371 419 2432 Σίδ.
453 2368 520 2433 Καί
535 2367 616 2452 γάρ,
639 2359 780 2453 ω”γαθέ
797 2372 936 2451 Φαῖδρε,
960 2369 1084 2443 ἐννοεῖς
1103 2364 1149 2445 ὡς

105 2480 123 2531 G
141 2459 284 2541 ἀναιδῶς
295 2473 455 2549 είρησθον
466 2463 511 2531 τό
524 2464 629 2550 λόγω,
647 2457 747 2544 ούτός
756 2491 791 2533 τε
801 2461 884 2532 καλό
898 2468 934 2533 ἐκ
943 2473 1004 2530 τού
1015 2469 1149 2550 βιβλίου

139 2563 261 2644 ῥηθείς.
276 2567 305 2628 εί
314 2563 377 2646 γάρ
390 2559 525 2629 ἀκούων
535 2589 583 2642 τις
594 2563 687 2650 τύχοι
697 2562 793 2651 ήμῶν
803 2563 966 2649 γεννάδας
977 2564 1031 2630 καὶ
1042 2570 1149 2645 προῖος

139 2656 175 2723 τὸ
194 2647 295 2742 ήθος,
320 2660 432 2743 ἑτέρου
450 2660 486 2728 δὲ
504 2661 659 2730 τοιούτου
677 2665 763 2748 ἐρων
778 2657 800 2749 ή
817 2665 873 2729 καὶ
890 2661 1056 2748 πρότερόν
1068 2685 1149 2728 ποτε

140 2754 308 2842 ἐρασθείς,
331 2757 498 2842 λεγόντων
521 2754 565 2835 ὡς
587 2756 641 2825 διά
665 2759 787 2846 σμικρά
809 2759 951 2846 μεγάλας
972 2765 1093 2844 ἔχθρας
1117 2763 1150 2828 οί

138 2853 271 2934 ἐρασταὶ
288 2852 505 2939 ἀναιροῦνται
520 2855 574 2921 καὶ
592 2860 703 2940 έχουσι
721 2855 803 2940 πρός
819 2857 859 2924 τά
871 2856 1005 2925 παιδικὰ
1018 2867 1150 2942 φθονε-

140 2957 205 3035 ρῶς
225 2977 261 3018 τε
281 2953 336 3018 καὶ
358 2957 543 3038 βλαβερῶς,
567 2959 637 3030 πῶς
654 2951 716 3019 ούκ
733 2950 777 3020 ἀν
794 2964 856 3023 οίει
872 2951 977 3022 αὐτόν
993 2953 1149 3041 ἡγεῖσθαι

77 3066 80 3072 ’
140 3046 278 3116 ἀκούειν
294 3051 331 3117 ἐν
348 3049 485 3128 ναύταις
501 3073 569 3116 που
584 3054 826 3136 τεθραμμένων
840 3054 894 3119 καί
913 3048 1034 3119 ούδένα
1052 3052 1149 3118 ἐλεύ-

139 3154 245 3229 θερον
255 3153 360 3231 ἔρωτα
378 3146 590 3233 ἑωρακότων,
609 3155 735 3216 πολλοῦ
754 3147 785 3215 δ’
799 3144 842 3216 ἀν
854 3153 924 3216 δεῖν
936 3145 1014 3236 ἡμῖν
1025 3146 1149 3234 ὁμολο-

103 3254 122 3303 ὒ
140 3256 211 3323 γεῖν
222 3242 243 3309 δι’
254 3247 397 3331 ψέγομεν
407 3243 467 3312 τδν
480 3245 624 3328 Ἔρωτας

225 3347 314 3409 ΦΑΙ.
337 3343 432 3423 ’Ίσως
445 3341 486 3430 νή
499 3341 569 3429 Δί’,
583 3338 609 3411 σί
624 3344 809 3431 Στόκρατες.
