2408 3780
61 211 96 268 89
399 203 429 259 A
436 201 689 261 ΝΤΕΡΑΣΤΛ
697 201 721 257 L
1008 197 1073 262 359
1141 236 1146 241 -

62 365 176 453 ἕτερον
192 360 342 448 ιἰφιίναι,
360 356 421 429 τόν
436 360 667 449 ἐρωτώμενον,
687 356 739 427 ὅτι
748 355 823 427 οὐδ’
837 354 938 438 αὐτὸς
948 378 1071 443 προσε-

62 475 184 533 ποιεῖτο
197 463 272 549 περὶ
289 460 401 547 λόγων
417 466 570 546 ἔμπειρος
581 456 665 527 εἶναι
678 454 764 526 άλλόι
779 460 854 543 περὶ
866 460 989 544 ἔργων,
1009 457 1070 524 τόν

62 563 98 631 δὲ
109 561 301 648 σοφώτερον
318 559 607 648 προσποιούμενον
619 555 702 625 εἶναι
713 559 925 644 διερωτῆσαι,
947 559 1002 623 ίυα
1014 558 1069 624 καλ

62 670 95 730 εί
102 687 133 729 τι
145 665 309 747 δυναίμην
321 656 398 744 παρ’
412 656 517 727 αὐτοῦ
529 654 748 744 ὠφεληθείην.
767 655 861 725 είπον
874 647 938 723 οὖν
949 652 999 723 ὅτι
1010 659 1069 733 Είς

62 759 179 828 κοινὸν
195 757 257 846 μὲν
273 757 310 827 τό
328 759 479 847 ἐράτημα
490 755 635 845 ἠρόμην·
661 763 692 826 εί
701 757 737 825 δὲ
748 754 792 824 σε)
805 766 866 825 οίει
877 758 975 825 τοῦδε
987 754 1068 823 κάλ-

62 867 136 928 λιον
148 856 411 944 ἀποκρινεῖσθαι,
424 857 460 926 σὲ
470 858 583 942 ἐρωτῶ
593 854 630 925 τὸ
644 853 725 924 αὐτὰ
739 854 821 942 ὅπερ
833 858 888 925 καὶ
898 861 1029 941 τοῦτον,
1041 860 1072 922 εί

64 961 155 1027 δοκεῖ
164 980 217 1026 σοι
226 959 264 1027 τὸ
279 965 476 1043 φιλοσοφεῖν
489 953 594 1024 καλὸν
605 955 689 1025 εἶναι
700 952 722 1044 ἢ
733 955 783 1026 οὔ.

147 1065 183 1123 11.
225 1057 356 1143 Σχεδὸν
366 1049 431 1124 οὖν
444 1062 548 1123 ταῦτα
560 1055 726 1140 λεγόντων
736 1052 833 1142 ἡμῶν
843 1054 1067 1124 ἐπακούσαντε
1086 1068 1138 1124 133

61 1153 106 1222 τά
119 1162 275 1242 μειρακίω
286 1154 499 1242 ἐσιγησάτην,
512 1155 567 1221 καὶ
579 1149 668 1221 αότέι
681 1159 881 1242 παυσαμένω
892 1160 950 1241 τῆς
962 1159 1068 1242 ἔριδος

61 1252 155 1341 ἡμῶν
177 1251 335 1343 άκροαταὶ
352 1256 541 1340 ἐγενέσθην.
563 1253 619 1320 καλ
636 1249 656 1319 ό
673 1278 703 1319 τι
720 1252 782 1340 μέν
800 1256 834 1320 oc
843 1254 975 1338 ἐρασταὶ
987 1258 1068 1321 ἐπα·

61 1363 144 1438 θον,
166 1351 228 1422 οὐκ
251 1350 341 1440 οίδα,
363 1349 463 1431 αὐτὸς
484 1348 518 1418 δ’
543 1342 607 1418 οὖν
620 1351 815 1437 ἐξεπλάγην·
838 1349 888 1419 άεὶ
904 1351 969 1437 γάρ
988 1377 1067 1420 ποτε

62 1447 127 1519 ὑπὸ
139 1456 207 1519 τοῖν
226 1453 312 1518 νέων
330 1477 363 1519 τε
386 1453 439 1518 καὶ
456 1456 569 1518 καλῶν
586 1449 814 1536 ἐκπληττομαι.
833 1449 939 1519 ἐδόκει
955 1453 1067 1539 μέντοι

64 1577 120 1637 μοι
139 1553 194 1619 καὶ
211 1548 228 1617 ὁ
247 1553 358 1636 ἕτερος
377 1549 437 1636 οὐχ
453 1542 554 1637 ἧττον
572 1552 653 1634 ἐμοῦ
668 1545 830 1638 ἐγωυιηῖν·
854 1546 895 1618 οὐ
912 1548 978 1636 μὴν
990 1548 1066 1618 ἀλλ’

61 1648 261 1737 άπεκρίνατό
271 1651 312 1735 γέ
320 1675 376 1736 μοι
392 1650 447 1717 καὶ
458 1648 546 1733 μάλα
566 1653 753 1733 φιλοτίμως.
791 1645 907 1716 Ὁπότε
923 1649 988 1734 γάρ
1005 1675 1066 1735 τοι,

62 1754 142 1835 ἐφη,
173 1740 413 1834 εἷΣιίκρατες,
442 1745 479 1816 τό
501 1754 699 1911 φιλοσίφεῖν
725 1745 862 1833 αἰσχρόν
881 1745 1067 1843 ἡγησαίμην

63 1846 162 1932 εἶναι,
184 1843 258 1915 οὐδ’
279 1842 321 1914 άν
333 1843 520 1933 ἄνθρωπον
531 1852 611 1931 νομί
630 1844 854 1931 αιμιέμαυτδν
870 1845 969 1934 εἶναι,
991 1845 1066 1915 οὐδ’
1086 1851 1105 1901 Β

62 1945 164 2014 ἄλλον
175 1943 235 2014 τόν
247 1945 335 2013 οὕτω
353 1949 576 2032 διακείμενον,
599 1943 851 2030 ἐνδεικνύμενος
861 1949 907 2023 είς
917 1942 976 2013 τόν
987 1942 1067 2014 άντ-

63 2045 221 2132 εραστήυ,
250 2047 305 2113 καὶ
323 2051 429 2131 λέγων
445 2042 570 2132 μεγάλη
588 2050 628 2130 τῇ
651 2049 763 2130 φωνῇ,
783 2040 829 2110 ἵν’
850 2040 953 2112 αὐτοῦ
965 2072 1067 2114 κατα-

62 2140 158 2210 κοόοι
169 2141 208 2210 τά
220 2145 364 2213 παιδικά.
389 2148 444 2212 καὶ
455 2141 518 2229 ἐγώ
533 2141 643 2225 εἷπον,
661 2140 776 2210 Καλὸν
787 2141 853 2226 ίίρα
865 2147 958 2212 δοκεῖ
965 2163 1018 2212 σοι
1029 2142 1066 2213 τό

62 2249 277 2327 φιλοσοφείν;
290 2242 389 2311 Πάνυ
405 2242 466 2329 μέν
477 2234 559 2325 οὖν,
582 2246 655 2328 ἐφη.
702 2247 744 2309 Τί
753 2234 832 2326 οὖν,
851 2241 913 2328 ἐγω
926 2248 1025 2331 ἔφην·
1044 2236 1067 2331 ἦ

63 2343 156 2407 δοκεῖ
168 2359 221 2407 σοι
239 2336 361 2408 οἷόντε
379 2340 462 2409 εἶναι
478 2343 599 2410 εἰδέναι
612 2347 746 2426 πρᾶγμα
762 2336 876 2409 ὁτιοῦν
887 2351 951 2410 ελτε
962 2340 1066 2412 καλὸν

63 2447 127 2506 εἴτε
143 2437 280 2523 αἰσχρόν
296 2440 401 2526 ἐστιν,
425 2437 445 2508 ὃ
462 2439 504 2527 μὴ
526 2446 625 2529 είδείη
637 2466 686 2520 τις
696 2437 759 2527 την
771 2437 876 2528 άρχήυ
888 2441 947 2509 ὅτι
960 2448 1066 2526 ἐστιυ;

65 2534 138 2604 Οὐκ
149 2542 222 2623 ἔφη.
268 2535 370 2606 Οίσθ’
381 2537 456 2626 ἄρα,
468 2532 511 2625 ἦν
522 2536 552 2606 δ’
566 2540 641 2627 ἐγώ,
651 2540 670 2609 ὅ
681 2566 711 2608 τι
724 2546 791 2609 ἐστι
801 2538 838 2610 τό
853 2536 1066 2630 φιλοσοφεῖν,
1088 2557 1109 2608 c

61 2633 161 2704 Πάνυ
171 2648 224 2721 γε,
243 2641 315 2722 ἐφη.
364 2643 405 2705 Τί
415 2631 478 2706 οὖν
489 2645 591 2719 ἐστιν;
612 2645 697 2726 ἔφην
708 2640 782 2727 ἐγεί.
830 2648 871 2709 Τί
881 2639 913 2709 δ’
927 2640 1006 2711 άλλο
1018 2670 1066 2730 γε,

61 2730 83 2821 ἦ
95 2732 176 2802 κατὰ
189 2733 225 2804 τό
237 2737 411 2818 Σόλωνοςς
421 2738 543 2806 Σόλων
553 2738 617 2825 γάρ
628 2761 695 2805 που
706 2737 775 2807 ελπε

213 2834 368 2922 γηράσκω
380 2833 411 2904 δ’
424 2838 486 2904 αίεί
497 2837 601 2905 πολλὰ
615 2839 865 2927 διδασκόμενος·

61 2934 116 3000 καί
134 2935 204 3020 ἐμοὶ
221 2938 315 3003 δοκεῖ
328 2933 434 3016 οὕτως
451 2933 500 3004 dez
517 2943 635 3024 χρῆναι
652 2938 689 3005 ἓν
706 2940 746 3023 γε’
761 2965 791 3006 τι
809 2939 998 3025 μανθάνειν
1008 2938 1068 3008 τὸν

61 3032 224 3119 μέλλοντα
241 3035 497 3122 φιλοσοφήσειν,
521 3037 577 3104 καλ
587 3037 750 3121 νεώτερον
761 3035 841 3107 όντα
853 3041 908 3107 καλ
920 3039 1067 3126 πρεσβεί-

60 3154 174 3215 τερον,
197 3126 244 3196 ἵν’
267 3128 310 3209 άς
331 3143 464 3201 πλεῖστα
485 3137 522 3202 ἐν
543 3142 589 3224 τῷ
602 3142 663 3224 βίω
683 3137 785 3225 μάθη.
807 3145 866 3207 καί
880 3165 935 3226 μοι
953 3138 989 3207 τό
1008 3138 1069 3225 μέυ

61 3235 195 3311 πρῶτον
222 3233 311 3310 ἔδοξε
336 3234 366 3298 τὶ
393 3238 513 3320 εἰπεῖν,
538 3235 648 3302 ἐπειτά
669 3261 740 3314 πως
761 3237 919 3322 ἐννοήσας
939 3236 1069 3325 ἠρόμην

62 3322 182 3410 αὐτόν,
207 3331 237 3394 εί
251 3325 313 3413 τὴν
324 3336 527 3415 φιλοσοφίαν
538 3342 754 3421 πολυμαθίαν
765 3332 876 3422 ἡγοῖτο
888 3334 981 3403 εἶναι.
1005 3333 1069 3403 κά-

61 3437 185 3511 κεῐνος,
207 3426 323 3513 Πάνυ,
344 3433 416 3516 ἔφη.
455 3426 547 3516 Ἡγεῐ
561 3431 596 3500 δὲ
613 3429 654 3517 δὴ
670 3431 775 3501 καλόν
793 3432 994 3520 εἶναιμόνον
1008 3434 1070 3520 την
1096 3478 1104 3511 ·.
