2422 3780
141 176 204 242 318
501 179 605 239 ΠΛΑ
616 179 788 239 ΤΩΝΟΣ
1107 183 1144 239 48

224 346 295 407 ΑΛ.
323 336 459 423 Ὀρθῶς.

224 441 301 505 ΣΩ.
334 441 379 504 El
393 434 458 521 ἀρα
475 461 525 515 τις
541 437 679 521 γέγονεν
697 432 833 520 ἐραστής
854 441 915 503 τοῦ
933 432 1143 522 Ἀλκιβιάδου

141 531 307 620 σώματος,
320 531 383 602 οάκ
391 531 599 620 Ἀλκιβιάδου
609 529 759 619 ήράσθή,
778 529 862 601 ἀλλά
878 557 968 610 τινος
978 540 1045 599 τοῖν
1067 529 1142 600 Ἀλ-

17 668 19 673 ·
140 629 303 717 ιιιβιάδον.

228 735 296 796 ΑΛ.
327 727 452 814 Ἀληθῆ
465 730 576 814 λέγεις.

221 832 294 894 Σίδ.
319 825 430 904 Ὅστις
442 827 480 893 δέ
489 846 551 894 σου
562 831 620 912 τῆς
631 835 737 914 ψυχῆς
747 829 822 914 ἐρᾷς

224 932 294 992 ΑΛ.
321 921 462 1009 Ἀνάγαή
473 928 624 1009 φαίνεται
635 927 672 992 ἐκ
684 923 870 1011 τοῦλόγου.

224 1027 299 1090 Σίδ.
334 1018 473 1089 Οὐκοῦν
488 1019 507 1088 δ
524 1020 586 1107 μὲν
602 1029 664 1090 τοῦ
680 1024 832 1111 σώματός
843 1042 906 1091 σον
917 1025 1015 1109 ἐρῶν,
1028 1023 1137 1111 ἐπειδή

140 1118 232 1203 λήγει
245 1115 396 1202 ἀνθοῦν,
408 1115 517 1185 ἀπιάν
527 1127 663 1204 οίχεταις

226 1221 294 1282 ΑΛ.
330 1219 493 1282 Φαίνεται.

88 1339 110 1391 n
224 1319 299 1382 ΣΩ.
327 1309 363 1380 ‘0
376 1312 414 1380 δέ
429 1338 467 1398 γε
484 1321 542 1399 τῆς
558 1322 663 1401 ψυχῆς
680 1316 766 1398 ἐρῶν
777 1313 840 1384 οὐκ
852 1315 1000 1402 ἄπεισιν,
1022 1317 1084 1396 ἕως
1097 1311 1140 1384 ἀν

139 1414 191 1480 ἐπὶ
201 1409 237 1480 τό
249 1413 380 1499 βέλτιον
392 1419 442 1500 ίής

227 1516 296 1577 ΑΛ.
325 1508 423 1586 Είιιός
434 1533 480 1594 γε.
945 1571 953 1583 ,

224 1613 299 1674 Σίδ.
333 1603 472 1675 Οὐκοῦν
487 1605 552 1691 ἐγώ
570 1602 670 1692 είμιὸ
694 1605 756 1676 οὐκ
773 1605 882 1678 ἀπιάν
892 1607 976 1677 ἀλλά
989 1615 1137 1694 παραμέ-

140 1731 210 1772 νων
226 1705 386 1790 λήγοντος
402 1703 641 1790 τοῦσώματος,
663 1713 732 1773 ταῖν
743 1705 855 1776 ἀλλων
864 1705 1136 1794 ἀπεληλυθότων.

224 1811 293 1871 ΑΛ.
326 1794 379 1871 Εὖ
389 1827 427 1888 γε
439 1809 560 1886 ποιων,
575 1793 804 1887 ἀΣιάκρατες·
817 1807 872 1873 καὶ
883 1803 927 1892 μή
936 1805 1102 1881 ἀπέλθοις.

222 1906 296 1967 Σίδ.
330 1907 519 1986 Προθνμοῦ
530 1897 678 1969 τοίνννὸ
689 1925 719 1967 τι
730 1901 902 1979 κάλλιστος
913 1899 1005 1968 εἶναι.

222 2004 291 2070 ΑΛ.
322 1994 697 2084 Ἀλλάιιροθνμήσομαα

220 2102 341 2164 xxvss.
385 2101 460 2161 Σίλ.
487 2091 544 2171 Ὡς
568 2091 656 2158 οὕτω
678 2095 719 2177 γε’
738 2111 791 2159 σοι
811 2097 888 2177 ἔχει·
918 2092 984 2160 οὔτ’
999 2095 1136 2180 ἐγίνεθ’,

84 2221 105 2272 Ε
139 2193 182 2272 ὡς
193 2198 309 2272 ἔοικεν,
318 2189 507 2278 Ἀλκιβιάδῃ
519 2197 566 2278 τῷ
571 2195 728 2257 Κλεινίου
738 2187 878 2276 ἐραστής
888 2187 954 2257 οὔτ’
964 2196 1053 2258 ἔστιν
1066 2190 1137 2260 ἀλλ’

136 2286 181 2368 εἷς
191 2289 304 2376 μόνος,
318 2289 371 2356 καὶ
383 2279 481 2368 οὗτος
492 2284 667 2374 ἀγαπητός,
674 2288 855 2374 Σωκράτης
865 2285 1138 2377 ὁΣωφρονίσκον

135 2389 412 2473 καὶΦαινοιρέτιγς.

223 2492 293 2555 ΑΛ.
322 2482 456 2572 Ἀληθῆ.

218 2589 292 2651 m.
329 2581 466 2651 Οὐκοῦν
477 2586 610 2668 ἔφησθα
626 2583 767 2669 σμικρὸν
785 2591 918 2672 φθῆναί
935 2611 975 2673 με
993 2595 1134 2672 προσελ-

134 2680 241 2750 θόντα
252 2699 322 2771 σοι,
335 2682 403 2750 ἐπεὶ
413 2681 572 2767 πρότερος
582 2679 625 2748 ἀν
635 2706 692 2768 μοι
702 2690 919 2770 προσελθεῖν,
930 2685 1134 2771 βουλόμενος

135 2782 316 2864 πυθέσθαι,
329 2776 367 2847 δι’
382 2777 403 2847 ὅ
412 2807 443 2848 τι
455 2781 558 2866 μόνος
568 2778 630 2849 οάκ
642 2778 839 2870 ἀπέρχομαις

218 2884 288 2946 ΑΛ.
317 2869 574 2962 Ἦνγάροῦιως.

216 2982 292 3046 ΣΩ.
327 2980 433 3043 Τοῦτο
457 2982 572 3044 τοίνυν
588 2985 710 3065 αίιιον,
733 2976 784 3046 ὅτι
806 2978 910 3065 μόνος
930 2975 1069 3066 ἐραστής
1089 2972 1134 3065 ἦν

134 3075 208 3161 σός,
220 3079 254 3143 ολ
262 3070 292 3142 δ’
308 3071 402 3143 ἀλλοι
414 3080 481 3142 τῶν
491 3082 576 3157 σοῖν·
595 3076 635 3144 τά
648 3079 683 3145 δὲ
694 3073 736 3144 σά
748 3075 839 3164 λήγει
852 3075 956 3165 δίρας,
968 3077 1011 3145 σύ
1024 3077 1055 3145 δ’
1070 3077 1133 3162 ἀρ-

67 3201 116 3258 132
133 3199 182 3259 χει
194 3171 321 3241 ἀνθεῖν.
352 3174 406 3241 καὶ
424 3182 487 3241 νῦν
503 3198 541 3262 γε
553 3169 597 3241 ἀν
608 3171 652 3262 μή
671 3178 862 3265 διαφθαρῇς
877 3173 944 3245 ἀπὸ
957 3183 1017 3243 τοῦ
1030 3173 1133 3261 Ἀθή-

134 3276 238 3338 ναίων
249 3270 357 3357 δήμον
366 3274 421 3341 ναὶ
434 3277 569 3358 αἰσχίων
580 3275 671 3360 γένῃ,
683 3271 724 3341 οά
735 3274 780 3360 μή
793 3296 830 3342 σε
840 3271 999 3343 ἀπολίπω.
1033 3280 1132 3341 τοῦτο

135 3371 196 3455 γάρ
214 3369 254 3456 δή
266 3368 406 3456 μάλιστα
424 3371 486 3457 ἐγώ
499 3378 684 3459 φοβοῦμαι,
706 3370 750 3459 μή
764 3373 967 3460 δημεραστὴς
984 3369 1063 3458 ἡμίν
1075 3397 1131 3456 γε·
