2408 3780
89 180 113 237 ιτ
407 175 725 235 ενωαοΣιοα.
1008 171 1068 235 16

35 332 268 517 6666
193 434 291 520 λόγος
308 340 374 501 666
391 432 481 519 266⁹
480 432 630 518 Ἑρωτος,
653 426 816 511 άλλοῖος“
795 430 844 519 ηὸ
858 432 924 510 σός.
958 386 1068 516 6666

35 531 40 607 ἷ
86 518 283 618 ούνέδεὴδην
296 550 368 617 σον,
381 557 425 616 μη
414 527 643 620 κωμῳδὴσης
654 528 774 614 αὐτόν,
785 535 841 597 ἵνα
854 532 987 597 καὶτῶν
1000 538 1070 598 λοι-

35 630 45 715 ξ
85 626 345 748 τιῑνάκούσρνμεν
361 630 426 695 τί
405 650 544 705 εκαστος
560 630 643 712 ἐρεῖ,
668 634 796 714 μᾶλλον
813 628 892 697 δὲ
859 654 889 695 τι
902 651 1069 710 εκατερος
1091 648 1109 695 6

85 722 215 809 Αγαδων
225 752 291 812 γαρ
302 728 357 795 καλ
368 726 550 811 Σωκρατης
562 731 679 793 λοιποί

35 844 39 903 ,ῖ
152 832 241 895 XVII.
283 822 379 893 Ἀλλά
389 832 544 910 πείσομαί
553 844 622 909 σοι,
641 829 703 909 ἔφη
717 850 822 908 φαναι
832 851 892 892 τον
899 821 1071 908 Ἐρυξίμα-

35 926 42 991 ἷ
84 944 145 1003 χον·
163 925 215 991 καί
232 922 298 1010 γάρ
315 949 372 1009 μοι
384 919 400 989 6
414 922 513 1007 λόγος
523 920 627 1008 ἡδέως
637 922 772 1009 ἐρρήθη.
807 924 903 991 καίεί
913 920 956 1008 μὴ
969 920 1071 1007 ξυνῄ-

35 1006 43 1031 *'
86 1020 142 1085 δαν
150 1021 321 1106 Σωκράτει
336 1046 371 1089 τε
388 1021 444 1087 καὶ
452 1018 619 1105 Ἀγάθωνι
634 1025 754 1099 δεινοῖς
765 1013 841 1089 ούσι
851 1022 925 1104 περὶ
936 1019 975 1087 τά
988 1022 1071 1103 ἐρω-

35 1118 45 1191 “,·-
85 1118 159 1201 τινά,
182 1119 272 1189 πάνυ
291 1114 334 1187 66
349 1118 558 1205 ἐφοβούμην,
581 1115 625 1205 μὴ
644 1141 836 1206 απορησωσι
847 1119 957 1206 λογων
968 1115 1066 1186 δια
1033 1144 1069 1184 το

35 1258 37 1269 ·
85 1215 442 1285 τολλάκαὶπαντοδαπά
455 1221 624 1302 είρὴσθαι·
639 1216 988 1339 66666666366666.
1011 1216 1070 1284 τὸν

87 1303 305 1403 ούνΣωιιράτη
318 1313 623 1400 είτιεῖνΚαλῶςγύρ
635 1313 735 1395 αύτδς
745 1314 921 1403 ἡγάνισαι,
941 1343 966 1382 ω
954 1308 1070 1399 Ἐρν-
1088 1325 1138 1381 194

87 1412 192 1499 ξίμαχε·
215 1417 280 1481 είδ
281 1414 425 1500 ὲγένοιο
444 1405 562 1481 ούνύν
574 1413 638 1499 ἐγώ
650 1420 730 1535 εἰμι,
753 1423 880 1500 μαλλον
891 1417 928 1481 δε
939 1423 1017 1490 ίσως
1028 1438 1071 1479 ον

86 1510 195 1596 ἔσομαι,
206 1508 342 1581 ἐπειδάν
353 1510 426 1579 καῖ’
419 1511 571 1596 Αγάβων
583 1522 674 1600 εῖτιη,
691 1517 729 1581 εύ
740 1540 794 1580 και
784 1508 913 1598 μάλ’
897 1510 941 1580 άν
952 1518 1070 1598 φοβοῖο

35 1640 38 1707 2
86 1609 128 1675 καὶ
141 1613 175 1679 ἐν
190 1612 289 1679 ταντλ
304 1619 388 1696 είης,
411 1609 522 1694 ὥσπερ
539 1611 602 1697 ἐγώ
621 1618 694 1679 νῦν.
728 1611 936 1696 Φαρμάττειν
955 1610 1071 1698 βούλει

86 1726 129 1786 με,
148 1701 374 1829 62666669,
401 1711 554 1777 εἰπεῖν
520 1736 580 1777 τον
593 1708 823 1797 Ἀγάθωνα,”
808 1736 864 1777 ινα
880 1714 1070 1795 θορνβηβω

87 1801 169 1870 διά
140 1834 173 1876 το
191 1816 323 1876 οῖεσβαι
338 1805 375 1874 τὸ
393 1810 539 1893 θέατρον
556 1812 760 1893 προσδοκίαν
770 1809 916 1895 μεγάλην
927 1803 1046 1893 ἔχειν’
1025 1834 1069 1885 ως

35 1942 37 1949 ·
86 1892 371 1992 ιύίροῦντοςέμοῦ.
393 1904 701 2026 Ἐτιλὴσμωνμέντ’
713 1902 757 1974 άν
770 1916 857 1992 εῖην,
870 1933 895 1974 6
885 1900 1068 1991 ’Ἀγάθων

35 2016 40 2037 ⁴
85 2001 216 2072 εἰπεῖν
180 2030 244 2074 τον
254 2002 433 2090 Σωκράτη,
451 2010 481 2072 εί
490 2003 619 2073 6666
584 2032 646 2092 την
657 2028 721 2091 οην
731 2003 848 2088 ανδρε
846 2030 889 2071 αν
833 2005 953 2072 καὶ
965 2029 1067 2123 μεγα-
1084 2024 1104 2076 Β

36 2096 39 2103 ’
84 2101 280 2214 λοφροσύνην
297 2100 535 2188 ἀναβαίνοντος
552 2101 655 2171 ἐπὶ
621 2130 681 2172 τον
697 2101 877 2221 ὀκρίβαντα
899 2102 979 2189 μετά
1001 2108 1069 2169 τῶν

84 2188 266 2286 ιάιοκριταλν,
275 2201 331 2267 καί
342 2201 525 2286 βλέψαντος
534 2203 667 2268 ἐναντία
677 2200 824 2290 τοσούτω
835 2200 978 2290 θεάτρῳ,
991 2206 1070 2285 μέλ-

35 2376 37 2381 ,
83 2298 181 2377 λοντος
198 2302 416 2378 ἐπιδείξεσθαι
429 2297 703 2386 σαυτοῦλόγονς,
727 2304 781 2367 καὶ
793 2269 868 2366 άύδ’
881 2295 1069 2366 ὁπωστιοῦν

81 2392 299 2482 ἐκπλαγέντος,
327 2403 392 2463 νῦν
416 2401 528 2482 οίηθεί
525 2424 567 2483 ην
589 2418 626 2464 σε
647 2395 990 2483 βοροβηθὴσεσθαι“
971 2420 1069 2461 ενεκα

79 2486 159 2579 66
170 2493 293 2581 ὀλίγων
304 2492 506 2581 ἀνθρώπων.
542 2500 585 2562 Τι’
593 2498 645 2582 δέ,
658 2487 887 2581 οδΣάκρατεςς
904 2488 1070 2578 6666-

77 2596 161 2667 6666
172 2591 293 2679 φάναι,
318 2590 359 2659 06
376 2593 418 2678 66
437 2592 504 2659 πού
522 2617 563 2678 με
580 2591 668 2660 οὕτω
686 2593 835 2677 θεάτρου
850 2587 974 2678 μεστὸν
985 2586 1069 2676 ἡγεῖ,

77 2685 149 2759 ύοτε
159 2691 215 2759 καὶ
226 2687 371 2777 ἀγνοεῖν,
380 2689 431 2758 ὅτι
439 2699 523 2759 νοῦν
534 2696 639 2776 ἔχοντι
649 2689 754 2777 ὀλίγοι
765 2696 928 2777 ἔμφρονες
937 2697 1069 2759 πολλῶν

73 2783 226 2874 άφρόνων
236 2787 476 2876 φοβεράτεροι;
499 2787 550 2857 06
562 2787 655 2874 μέντ’
666 2785 710 2858 άν
720 2796 829 2868 καλῶς
839 2795 970 2875 ποιοίην
976 2838 986 2873 ,
1002 2786 1070 2873 φά-
1086 2799 1105 2851 c

71 2912 121 2957 ναι
129 2885 192 2956 τὸν
202 2886 382 2973 Σωκράτη,
406 2879 611 2974 οἷ’Λγάθων,
633 2888 707 2974 περὶ
719 2895 783 2954 σοῦ
792 2912 824 2954 τι
834 2885 897 2973 ἐγώ
910 2885 1070 2971 άγροικον

70 2988 224 3067 δοξάζων·
245 2983 320 3055 ἄλλ’
332 2979 371 3052 εύ
384 2983 468 3072 οἰδα,
481 2981 531 3055 66
541 2995 574 3054 ελ
581 3007 667 3055 τισιν
678 2985 825 3070 ἐντύχοις
836 2979 895 3064 οὓς
905 2981 998 3070 ἡγοῖο
1010 3004 1070 3051 σο-

68 3085 168 3171 φούς,
183 3079 366 3171 μᾶλλονάν
376 3082 490 3153 αὐτῶν
501 3080 720 3171 φροντίζοιςὴ
734 3092 803 3152 τοῖν
813 3089 962 3151 πολλάν·
985 3078 1069 3149 άλλά

64 3182 107 3271 μὴ
117 3180 183 3269 οὐχ
194 3175 288 3251 ούτοι
298 3181 391 3271 ἡμεῖς
402 3176 505 3271 ύμεν·
524 3182 616 3272 ἡμεῖς
626 3181 763 3269 μὲνγὰρ
775 3182 829 3250 καὶ
840 3184 1070 3268 ἐνεῖααρὴμεν

64 3283 119 3351 καὶ
129 3273 216 3368 ἡμεν
228 3290 296 3350 των
307 3291 455 3352 πολλῶν·
478 3288 507 3351 εἰ
517 3282 552 3351 δὲ
563 3281 676 3361 άλλοις
686 3280 834 3367 ἐντύχοις
844 3292 978 3367 σοφοῖς,
994 3274 1068 3363 τάχ’

61 3375 108 3449 δν
125 3380 296 3469 αἰσχύνοιο
312 3381 452 3470 αύτούς,
475 3391 508 3451 εί
514 3409 545 3450 τι
558 3390 637 3461 ῖσως
648 3390 731 3450 οῖοιο
744 3378 880 3468 αίσγρδν
892 3374 934 3447 66
945 3389 1066 3446 ποιεῖν·
1085 3396 1112 3442 ο
