2408 3780
145 153 210 219 274
517 154 622 210 ΠΛΑ
632 150 801 211 ΤΩΝΟΣ
1141 154 1159 211 4

146 318 245 400 ἐμοῦ,
264 308 344 397 μετὰ
360 313 421 375 τοῦ
437 313 525 375 θεοῦ
535 311 657 394 μέντοι.
693 313 842 398 νεωτέρῳ
860 310 922 396 μὲν
941 304 1004 378 οὖν
1015 308 1092 377 ὄντι
1104 327 1155 375 σοι

146 413 201 478 καλ
211 413 290 492 πρὶν
299 405 462 492 τοσαύτης
473 408 603 486 ἐλπίδος
612 410 740 493 γέμειν,
764 404 807 487 ὡς
817 408 888 494 ἐμοὶ
902 412 1008 496 δοκεῖ,
1026 404 1093 476 οὐκ
1105 416 1155 475 εἴα

145 505 164 575 6
182 505 264 586 θεὸς
281 506 510 589 διαλέγεσθαι,
531 504 647 591 ἵναμὴ
666 503 775 590 μάτην
786 509 1012 593 διαλεγοίμην·
1040 514 1109 590 νῦν
1119 506 1155 573 δὲ

77 619 130 674 106
149 610 265 690 ἐφῆκε·
286 610 353 671 νῦν
363 602 428 688 γὰρ
441 600 485 670 ἄν
495 628 563 688 μον
573 600 740 682 ἀκούσαις.

231 710 280 770 ΠΙ.
324 708 396 771 ΑΛ.
428 702 526 770 Πολύ
536 704 576 787 γε’
584 727 651 789 μοι,
664 694 974 787 οδΣωκρατες,νῦν
984 698 1155 769 ἀτοπώτε-

146 827 205 887 ρος
224 793 268 868 αὖ
287 807 413 887 φαίνει,
436 798 547 886 ἐπειδὴ
566 798 654 887 ἤρξω
666 801 790 886 λέγειν,
821 795 909 885 ἦὸτε
926 806 1029 885 σιγῶν
1041 802 1152 867 εἵπου·

147 905 253 968 καίτοι
270 896 402 984 σφόδρα
418 923 457 983 γε
473 890 550 984 ἦσθ’
570 901 653 966 ἰδεῖν
676 899 730 965 καὶ
751 896 826 964 τότε
848 905 1006 975 τοιοῦτος.
1040 903 1072 965 εἰ
1093 895 1154 982 μὲν

147 989 210 1068 οὖν
222 993 285 1081 ἐγώ
297 1002 401 1062 ταῦτα
413 997 610 1079 διανοοῦμαι
620 989 644 1080 ἢ
655 994 712 1080 μή,
724 993 768 1073 ὡς
780 1000 876 1077 ἔοικε,
890 997 1080 1081 διέγνωκας,
1098 995 1152 1062 καὶ

146 1092 208 1164 ἐὰν
224 1092 268 1180 μὴ
288 1099 358 1178 φῶ,
381 1089 483 1160 οὐδέν
500 1119 557 1178 μοι
575 1097 665 1160 ἔσται
682 1095 784 1161 πλέον
802 1091 885 1178 πρὸς
900 1089 937 1162 τδ
955 1098 1089 1161 πείθειν
1105 1111 1151 1159 σε.

147 1190 230 1261 εἶεν·
260 1196 290 1258 εἰ
306 1193 341 1257 δὲ
360 1187 400 1274 δὴ
422 1187 443 1256 6
452 1215 484 1256 τι
495 1189 636 1276 μάλιστα
647 1198 750 1258 ταῦτα
763 1189 993 1277 διανενόημαι,
1015 1195 1087 1267 πῶς
1098 1187 1152 1256 διὰ

150 1295 214 1356 σοῦ
224 1311 280 1373 μοι
291 1289 381 1354 ἔσται
392 1286 448 1353 καὶ
458 1285 541 1354 ἄνευ
552 1295 616 1354 σοῦ
626 1284 688 1355 οὐκ
699 1282 742 1355 ἂν
752 1290 899 1372 γένοιτο,
912 1293 993 1372 ἔχεις
1003 1290 1131 1371 λέγεινς

96 1406 117 1458 Β
234 1391 309 1454 ΣΩ.
338 1376 418 1470 'Apa
435 1386 557 1473 ἐρωτᾷς
573 1396 607 1454 ελ
619 1412 693 1453 τινα
709 1393 770 1473 ἔχω
782 1392 885 1455 εἰπεῖν
896 1385 997 1472 λόγον
1008 1385 1150 1472 μακρόν,

148 1488 240 1562 οἵους
250 1478 291 1569 δὴ
304 1479 442 1550 ἀκούειν
455 1491 594 1565 εἴδισαις
616 1481 658 1553 οὐ
673 1485 738 1570 γάρ
756 1488 825 1553 ἐστι
840 1480 1041 1553 τοιοῦτοντὸ
1053 1481 1150 1568 έμοξν·

148 1579 216 1650 ἀλλ’
237 1584 446 1660 ἐνδείξασθαι
467 1584 529 1668 μέν
551 1600 620 1667 σοι,
646 1578 689 1661 ὡς
710 1573 848 1672 ἐγῷμαι,
877 1576 948 1661 οἷός
968 1579 993 1647 τ’
1013 1576 1056 1647 ἂν
1080 1589 1151 1665 εἴην

148 1678 199 1746 ὅτι
215 1687 320 1747 ταῦτα
338 1676 445 1758 οὕτως
462 1682 542 1765 ἔχει,
564 1675 624 1747 έδν
646 1682 684 1748 ἓν
702 1679 809 1767 μόνον
825 1705 881 1767 μοι
903 1681 1021 1766 ἐθέλῃς
1042 1673 1150 1764 βραχδ

148 1773 363 1863 ὑπηρετῆσαι.

233 1881 304 1942 ΑΛ.
337 1872 418 1942 Ἀλλ’
430 1883 462 1943 ελ
475 1901 513 1960 γε
531 1878 571 1962 δὴ
589 1872 634 1962 μὴ
650 1876 796 1962 χαλεπόν
812 1901 843 1942 τι
860 1878 964 1960 λέγεις
975 1871 1011 1940 τδ
1024 1869 1151 1959 ὑπηρέ-

52 2027 56 2035 .
147 1973 368 2058 τημα,έδέλω.

231 2077 306 2139 ΣΩ.
334 2062 379 2138 Ἦ
390 2068 536 2155 χαλεπὸν
555 2075 646 2139 δοκεῖ
660 2069 696 2139 τό
714 2069 955 2154 ἀποκρίνεσθαι
965 2068 1006 2137 τοὶ
1019 2069 1147 2155 §omoi-

149 2192 248 2254 μενα;

231 2272 303 2332 ΑΛ.
337 2262 389 2332 06
399 2265 551 2352 χαλεπόν.

231 2369 307 2430 ΣΩ.
342 2359 600 2450 Ἀποκρίνονδή.

231 2467 302 2528 ΑΛ.
332 2458 462 2545 Ἐρώτα.

231 2566 306 2626 ΣΩ.
341 2557 480 2628 Οὐκοῦν
494 2556 537 2638 ὡς
548 2561 790 2645 διανοουμένου
801 2576 864 2626 σου
872 2566 977 2626 ταῦτα
987 2557 1151 2647 §ponem

94 2686 115 2740 0
148 2660 236 2742 φημί
243 2674 281 2722 σε
292 2659 513 2736 διανοεῖσθαι;

232 2759 303 2820 ΑΛ.
326 2753 445 2840 Ἔστω,
456 2760 488 2823 ελ
496 2752 620 2842 βούλει,
633 2752 749 2842 οὕτως,
758 2759 815 2824 ἵνα
825 2756 880 2823 καὶ
891 2758 969 2823 εἰδῶ
982 2752 1002 2822 ὅ
1014 2781 1046 2822 τι
1057 2759 1150 2843 ἐρεῖς.

232 2857 309 2919 ΣΩ.
343 2854 429 2937 Φέρε
440 2850 498 2938 δή·
519 2853 735 2974 διανοελγρὶρ,
754 2850 873 2938 ὡςέγω
885 2880 985 2941 φημι,
996 2857 1151 2936 παριέναι

147 2945 627 3040 σνμβονλεύσωνἈθηναίοιςέ
627 2949 1035 3039 ντδςούπολλοῦχρόνον
1047 2943 1150 3021 ελοῦν

147 3047 324 3138 μέλλοντός
341 3068 405 3117 σου
421 3050 506 3118 ἰέναι
523 3046 624 3117 ἐπι
590 3074 627 3117 το
646 3055 737 3136 βῆμα
753 3050 937 3137 λαβόμενος
954 3053 1047 3136 έρολμ
1023 3075 1106 3136 W
1124 3041 1150 3116 ὦ

144 3145 345 3235 Ἀλκιβιάδη,
354 3147 465 3235 ἐπειδὴ
473 3149 592 3235 περὶ
558 3172 648 3227 τινος
658 3147 828 3234 Ἀθηναῖοι
840 3152 1054 3216 διανοοῦνται
1065 3155 1150 3235 βον-

148 3245 360 3331 λεύεσθαι,’
339 3273 382 3313 αν
382 3253 513 3316 λστασαι
530 3244 808 3334 σνμβονλεύσων;
828 3240 871 3334 ἆρ
870 3244 1003 3332 ’ἐπειδὴ
1015 3236 1130 3332 περὶ
1100 3271 1149 3312 ων

148 3342 191 3408 σύ
204 3345 372 3411 πιστασαι
383 3338 667 3432 βέλτιονηοοτοις
682 3338 746 3413 τί
724 3371 768 3412 αν
778 3342 992 3434 αποκρίναιο;
