2408 3780
147 177 207 241 170
503 179 608 236 ΠΛΑ
618 177 788 236 ΤΩΝΟΣ
1117 181 1155 236 32

145 340 199 407 καὶ
210 337 402 424 άνθριόπων
413 338 531 423 νόημα.
559 326 672 421 οὗτος,
685 341 766 424 ἔφη,
778 335 796 404 ό
808 336 886 421 παρ’
899 339 981 423 ἐμοῦ
993 337 1108 420 λόγος,
1124 327 1152 402 τί

146 442 285 524 Φαῖδρε,
297 443 342 525 τῷ
354 443 425 526 θεῷ
436 431 644 518 ἀνακείσθω,
656 436 696 502 τά
707 436 767 522 μὲν
778 440 925 521 παιδιάς,
944 432 984 502 τά
996 437 1031 502 δέ
1043 453 1153 501 σπου-

145 541 203 622 δῆς
214 541 361 620 μετρίας,
374 532 453 603 καθ’
469 533 550 602 όσον
560 532 624 618 έγῶ
638 533 800 620 δύναμαι,
812 539 964 620 μετέχων.

79 642 129 698 198
228 640 294 701 ΧΧ.
340 633 502 712 Εἰπόντος
513 633 548 700 δὲ
560 640 622 700 τοῦ
630 630 820 718 Ἀγάθωνος
828 633 954 712 πάντας
962 630 1153 719 ἔφηόἈρι-

145 731 307 817 στόόημος
322 728 577 818 άναθορυβῆσαι
592 731 671 810 τοὺς
687 730 868 818 παρόντας,
889 727 934 810 ὡς
955 731 1152 819 πρεπόντως

144 839 205 898 τοῦ
223 835 402 897 νεανίσκου
420 830 589 914 εἰρηκότος
605 831 660 897 καὶ
677 829 769 917 αὐτῷ
779 831 834 898 καί
845 839 892 918 τῷ
902 837 982 922 θεῷ.
1013 828 1073 899 τόν
1085 823 1153 899 οὖν

145 928 309 1014 Σωκράτη
329 934 432 1028 εἰπεῖν
448 932 616 1015 βλέψαντα
634 933 680 1006 εἰς
689 925 986 1016 τόνἘρυξίμαχον,
1005 923 1085 1014 Ἀρά
1098 950 1152 998 σοι

146 1032 251 1110 δοκῶ,
264 1026 383 1111 φάναι,
396 1029 495 1092 ώπαῐ
504 1023 725 1111 Ἀκουμενοῦ,
744 1023 836 1106 άόεές
847 1026 948 1096 πάλαι
959 1031 1032 1106 ἰέος
1044 1031 1153 1096 δεδιέ-

144 1151 216 1209 ναι,
229 1120 301 1190 άλλ’
315 1119 356 1189 οὐ
367 1130 545 1208 μαντικοῖς,
558 1120 578 1188 ά
589 1131 654 1190 νῦν
666 1124 705 1210 δη
718 1131 849 1212 ἔλεγον,
862 1131 980 1212 εἰπεῖν,
993 1123 1153 1211 ότιἈγά-

145 1233 221 1291 θων
232 1222 524 1306 θαυμαστοῖςέροί,
536 1219 597 1305 έγεὶ
612 1219 642 1288 δ’
658 1221 873 1310 όπορήσοιμις
895 1222 939 1292 Τό
952 1228 1013 1311 μὲν
1023 1226 1150 1309 ἕτερον,

147 1320 250 1406 φάναι
271 1317 331 1387 τόν
345 1317 573 1404 Ἐρυξίμαχον,
596 1329 761 1406 μαντικῶς
776 1348 832 1407 μοι
850 1326 958 1401 όοκείς
974 1327 1151 1409 εἰρηκέναι,

109 1429 128 1478 Β
148 1418 359 1505 ότιἈγάθων
370 1410 410 1486 εὖ
419 1420 500 1504 έρεί·
523 1417 559 1485 τό
574 1419 609 1487 δὲ
620 1419 656 1486 σὲ
667 1417 864 1505 άπορήσειν,
877 1419 939 1488 οὐκ
951 1417 1049 1504 οἰμαι.
1084 1421 1152 1487 Καὶ

145 1528 230 1604 πῶς,
244 1513 436 1605 άμακάριε,
457 1522 562 1585 εἰπεῖν
571 1513 633 1584 τόν
643 1517 822 1604 Σωκράτη,
841 1517 882 1584 οὐ
892 1523 999 1604 μέλλω
1012 1515 1152 1600 άπορείν

144 1621 198 1686 καὶ
215 1617 278 1701 ἐγώ
296 1619 351 1684 καί
369 1615 468 1696 άλλος
485 1613 657 1701 ὁστισοῦν,
680 1619 810 1700 μέλλων
827 1616 931 1696 λέξειν
948 1614 1028 1702 μετά
1046 1613 1151 1684 καλόν

144 1715 232 1784 οὕτω
241 1718 296 1783 καὶ
305 1714 519 1782 παντοδαπόν
528 1714 631 1800 λόγον
640 1717 802 1800 ῥηθέντας
814 1716 867 1782 καὶ
878 1712 918 1781 τά
927 1714 989 1800 μέν
997 1713 1081 1782 ἄλλα
1090 1711 1153 1798 οὐχ

144 1813 265 1900 ὁμοίως
283 1818 343 1899 μὲν
359 1811 551 1899 θαυμαστά·
575 1811 612 1880 τό
631 1810 666 1879 δ’
683 1813 736 1881 ἐπὶ
752 1820 904 1899 τελευτῆς
923 1821 984 1880 τοῦ
1006 1813 1152 1891 κάλλους

143 1920 211 1980 τῶν
222 1911 396 1998 ὀνομάτων
407 1915 462 1980 καί
472 1911 628 1999 ῥημάτων
638 1917 686 1990 τίς
697 1908 758 1978 οὐκ
769 1906 814 1978 άν
823 1911 982 1996 ἐξεπλάγη
999 1908 1152 1988 άκοόωνς

144 2013 212 2079 έπεί
222 2017 324 2095 έγωγε
333 2009 594 2097 ἐνθυμούμενος,
605 2010 656 2078 ότι
665 2007 763 2088 αότός
772 2007 833 2094 οὐχ
842 2005 911 2089 οἰός
919 2007 942 2077 τ’
955 2015 1069 2096 ἔσομαι
1079 1998 1149 2076 οὐό

110 2109 243 2194 οέγγός
259 2106 388 2176 τούτων
405 2105 504 2176 οὐδέν
523 2106 628 2176 καλόν
645 2114 763 2193 εἰπεῖν,
784 2105 845 2174 ὑπ’
863 2108 1019 2195 αἰσχύνης
1035 2107 1151 2193 ὀλίγον

145 2205 292 2289 ἀποδράς
312 2203 462 2294 ᾠχόμην,
487 2214 572 2293 είπη
584 2203 679 2291 εἰχον.
712 2209 767 2274 καὶ
776 2206 840 2292 γάρ
851 2232 891 2293 με
905 2204 1149 2292 Γοργίουὸλό-

144 2331 203 2389 γος
221 2301 478 2390 ἀνεμίμνησκεν,
503 2302 586 2372 ὥστε
608 2301 751 2389 άτεχνοῖς
770 2302 807 2371 τό
830 2314 891 2372 τοῦ
909 2303 1052 2392 Ὁμήρου
1074 2309 1151 2375 έπε-

145 2404 274 2489 πόυθη·
297 2402 490 2489 ἐφοβούμην
507 2401 551 2487 μη’
568 2427 624 2487 μοι
634 2411 797 2471 τελευτῶν
814 2401 994 2488 όἏγάθων
1005 2409 1150 2488 Γοργίου

144 2499 293 2586 κεφαλὴν
315 2504 427 2567 όεινού
450 2502 559 2585 λέγειν
579 2503 614 2567 έν
634 2506 680 2588 τῷ
697 2500 785 2589 λόγφ
803 2504 855 2568 ἐπὶ
872 2499 932 2569 τόν
949 2503 1030 2587 έμόν
1046 2501 1151 2585 λόγον

145 2608 274 2682 πέμψας
291 2595 396 2664 αὐτόν
412 2624 452 2683 με
470 2604 570 2666 λίθον
586 2606 626 2687 τῇ
636 2596 769 2685 ἀφωνία
780 2599 934 2685 ποιήσειε.
969 2602 1023 2668 καί
1036 2597 1152 2668 έυενό-

144 2714 209 2781 ησα
226 2695 299 2761 τότε
316 2692 381 2779 άρα
398 2698 638 2780 καταγέλαστος
655 2694 719 2782 τόν,
741 2693 839 2783 ἡνίκα
856 2694 936 2783 ὑμίν
954 2697 1148 2784 ὡμολόγουν

109 2797 183 2860 νέν
203 2799 248 2881 τῷ
270 2795 362 2877 μέρει
382 2789 462 2878 μεθ’
485 2790 581 2878 ὑμῶν
601 2794 866 2880 έγκωμιάσεσθαι
881 2794 941 2863 τόν
950 2795 1077 2880 Ἔρωτα
1095 2799 1151 2864 καί

144 2896 230 2977 ἔφην
241 2888 325 2958 εἰναι
336 2889 444 2969 δεινὸς
453 2889 494 2958 τά
506 2892 660 2980 ἐρωτικά,
674 2891 773 2962 οὐδέν
787 2893 881 2974 εἰδώς
893 2894 958 2980 άρα
968 2903 1029 2963 τοῦ
1040 2895 1151 2981 πρόγ-

143 3015 261 3078 ματος,
285 2989 329 3070 ὣς
350 2995 415 3059 ἔδει
436 2991 648 3076 ἐγκωμιάζειν
665 2988 789 3059 ὁτιοῦν.
824 2991 888 3077 έγεό
913 2996 974 3078 μέν
995 2989 1060 3078 γάρ
1085 2987 1148 3058 ὑπ’

144 3088 333 3176 α’βελτερίας
355 3089 449 3180 ρ’ίμην
470 3093 540 3158 δεῖν
561 3088 689 3176 τάληθῆ
712 3092 820 3177 λέγειν
841 3092 916 3175 περὶ
933 3091 1073 3159 ἑκάστου
1088 3095 1151 3157 τοῦ

145 3190 443 3274 έγκωμιαζομένον,
467 3190 637 3256 καὶτοῦτο
655 3189 717 3276 μέν
732 3187 909 3275 ὑπάρχειν,
933 3191 965 3269 ἐξ
983 3185 1097 3255 αὐτῶν
1115 3187 1152 3255 δέ

144 3285 273 3353 τούτων
282 3284 321 3353 τὰ
334 3286 491 3354 κάλλιστα
503 3289 738 3374 ἐκλεγομένους
748 3284 793 3365 ὡς
803 3284 1047 3375 εόπρεπέστατα
1058 3287 1152 3352 τνθέ-

138 3411 212 3447 ναι·
231 3386 288 3451 καὶ
307 3385 400 3451 πάνυ
417 3384 457 3472 δὴ
474 3387 556 3472 μέγα
574 3387 743 3472 έφρόνονν
760 3381 805 3464 ὡς
823 3377 862 3451 εὖ
873 3388 974 3470 ἐρῶν,
998 3379 1043 3460 ως
1054 3383 1152 3462 εἰόώς
