2408 3780
16 3388 35 3509 γ,

222 370 616 459 ΙΠΠΑΡΧΟΣ
592 407 613 472 ν
645 373 1086 462 ΦΙΛΟΚΕΡΔΗΣ

558 517 725 620 [ἤθνόε]

307 761 365 821 ΤΑ
389 762 478 822 TOT
496 761 732 824 AIAAOTOY
750 755 1008 829 ΠΡΟΣΩΙΙΑ

379 892 657 978 ΣΩΚΡΑΤΗΣ,
678 891 892 960 ΕΤΑΙΡΟΣ.

63 1026 130 1078 SUI

85 1109 136 1223 {35
230 1135 352 1234 Τι’γάρ
363 1147 399 1216 τό
414 1151 675 1234 φιλοκερδές;τί
641 1173 762 1216 ταοτε
757 1151 857 1234 ’ἐστι,
875 1149 976 1217 καῖ’
941 1173 1030 1227 τινες
1042 1152 1078 1216 οῖ
1087 1172 1142 1234 φι-

136 1249 317 1332 λοκερδεῖς;

221 1352 289 1415 ΕΤ.
319 1343 407 1432 Ἐμοὶ
418 1346 479 1432 μὲν
496 1350 669 1430 δοκοῦσιν,
691 1352 724 1413 οἳ
739 1342 782 1414 ἀν
799 1351 988 1433 κερδαίνειν
1003 1341 1140 1424 ἀξιοῦσιν

137 1442 200 1512 ἀπὸ
214 1452 282 1512 τῶν
292 1445 433 1532 μηδενὸς
445 1444 555 1525 ἀξίων.

220 1550 294 1611 Σίδ.
326 1544 477 1628 Πότερον
495 1535 559 1612 οὖν
576 1563 629 1609 σοι
651 1546 788 1611 δοκοῦσι
807 1543 1068 1631 γιγνώσκοντες,
1091 1544 1140 1613 ὅτι

138 1638 276 1720 οὐδενός
297 1646 385 1710 ἐστιν
407 1642 496 1726 ἀξια,
517 1637 774 1728 ἢάγνοοῦυτεςς
795 1648 825 1711 εί
843 1641 908 1729 γάρ
927 1639 1138 1728 ἀγνοοῦντες,

137 1737 299 1826 ἀνοήτους
310 1738 503 1826 λέγειςτοὺς
514 1743 727 1827 φιλοκερδεῖς.

219 1845 287 1906 ΕΤ.
317 1836 398 1906 Ἀλλ’
411 1837 473 1907 οὐκ
485 1837 648 1925 ἀνοήτους
658 1843 752 1926 λέγω,
764 1836 847 1907 ἀλλά
858 1838 1075 1923 πανούργους
1085 1839 1139 1907 καλ

137 1935 305 2024 πονρροάς
316 1939 370 2005 καλ
380 1935 499 2022 ἥττους
510 1946 572 2005 τοῦ
583 1941 736 2022 κέρδους,
753 1935 999 2022 γιγνώσκοντας
1016 1935 1067 2004 ὅτι
1080 1933 1139 2005 οά-

98 2064 118 2114 ss
138 2035 233 2114 δενὸς
245 2034 321 2116 ἀξιά
333 2040 423 2105 ἐστιν
440 2033 496 2121 ἀφ’
510 2029 560 2103 οἷν
574 2043 720 2121 τολμῶσι
737 2039 939 2120 κερδαίνειν,
963 2032 1053 2120 ὅμως
1063 2043 1138 2104 τολ-

135 2141 204 2224 μᾷν
215 2139 424 2220 φιλοκερδεῖν
435 2132 476 2201 δι’
489 2131 736 2219 ἀναισχυντίαν.

218 2241 293 2302 Σίδ.
321 2227 386 2322 Ἆρ’
405 2227 469 2302 οὖν
492 2233 621 2301 τοιόνδε
639 2234 743 2317 λέγεις
763 2231 824 2300 τόν
845 2235 1041 2318 φιλοκερδῆ,
1067 2227 1139 2299 οἷον

133 2331 193 2400 ἐὰν
204 2333 360 2417 φυτεύων
371 2329 550 2419 γεωργικὸς
561 2329 646 2419 ἀνὴρ
665 2333 720 2399 καὶ
730 2332 925 2417 γιγνώσκων
936 2329 986 2399 ὅτι
998 2327 1138 2409 οὐδενὸς

134 2428 227 2509 ἀξιον
243 2428 279 2499 τδ
299 2432 423 2516 φυτόν,
447 2429 535 2510 ἀξιοῖ
550 2427 615 2499 ἀπὸ
630 2431 756 2517 Ιτούτου
772 2432 990 2514 ἐκτραφέντος
1001 2432 1138 2515 κερδαί-

134 2554 222 2610 νεινς
245 2522 311 2613 ἀρα
321 2539 475 2599 τοιοῦτον
486 2526 590 2597 αάτόν
602 2531 722 2615 λίγειςς

217 2637 285 2698 ΕΤ.
316 2627 393 2697 'And
407 2625 530 2706 παντὸς
542 2626 562 2695 ὅ
573 2653 611 2712 γε
623 2626 836 2714 φιλοκερδής,
850 2618 1076 2712 ιάΣιόκρατες,
1089 2633 1138 2692 οῖ-

136 2751 205 2792 εται
217 2729 286 2792 δεῖν
299 2732 494 2809 κερδαίνειν.

140 2852 143 2857 ’
222 2832 298 2893 Σίδ.
332 2823 393 2910 Μή
404 2850 460 2909 μοι
472 2821 577 2902 οὕτως
591 2830 679 2913 εἰκῇ,
698 2825 809 2912 ὥσπερ
820 2850 851 2893 τι
862 2822 1059 2910 ἠδικημένος
1073 2819 1138 2889 ὑπό

94 2961 115 3012 0
135 2949 241 3010 τινος,
263 2921 347 2992 ἀλλά
364 2926 535 3008 προσέχων
552 2922 623 3008 ἐμοὶ
639 2921 700 2990 τάν
712 2932 797 2992 νοῦν
808 2920 1002 3006 ἀπόκριναι,
1027 2920 1137 3006 ὅσπερ

135 3019 178 3090 ἀν
196 3029 226 3092 εί
241 3027 272 3104 ἐξ
288 3021 388 3110 ἀρχῆς
404 3021 504 3090 πάλιν
520 3019 674 3108 ἠρώτων·
698 3018 770 3107 οὐχὶ
785 3018 955 3107 ὁμολογεῖς
970 3017 1030 3087 τδν
1041 3027 1139 3106 φιλο·

134 3129 234 3210 κερδῆ
246 3125 447 3211 ἐπιστήμονα
466 3123 549 3193 εἶναι
560 3125 634 3211 περὶ
645 3128 702 3208 τῆς
713 3116 803 3201 ἀξίας
814 3119 951 3206 τούτου,
964 3118 1049 3188 ὅθεν
1060 3145 1139 3204 κερ-

133 3228 260 3290 δαίνειν
271 3221 372 3304 ἀξιοῖς

216 3329 283 3388 ET.
307 3320 442 3406 Ἔγωγε.

1145 540 1182 1105 4
