2422 3780
458 168 697 229 ΦΙΛΗΒΟΣ.
1029 161 1071 225 65

143 333 247 398 nm.
280 333 375 414 Λέγε.

147 432 220 494 Σέδ.
252 430 372 507 Δέξαιο
384 424 444 511 ἀν,
455 424 649 515 Πρώταρχε,
659 421 702 490 σύ
714 428 773 512 ζῇν
783 422 842 491 τδν
854 428 930 509 βίον
939 421 1070 491 ἅπαντα
1096 420 1098 425 ’

57 522 225 612 ἡδόμενος
234 521 359 610 ἡδονάς
370 522 430 602 τάς
440 530 611 609 μεγίσταςς

143 629 248 691 Hm.
281 628 324 692 Τί
332 621 364 690 δ’
378 621 436 701 οῧ;

143 727 219 789 ΣΩ.
251 713 320 806 Ἆρ’
341 714 406 788 οὖν
424 727 471 789 ἔτι
487 719 577 800 τινὰς
596 718 639 787 ἀν
656 740 710 787 σοι
733 724 889 803 προσδεῖν
905 716 1016 805 ἡγοῖο,
1041 723 1071 786 εί

59 818 154 887 τοῦτ’
167 824 251 905 ἔχοις
261 825 444 898 mmmm

144 924 249 986 ΠΡΩ.
286 915 461 1004 Οὐδαμῶς.

144 1035 218 1096 ΣΩ.
245 1029 328 1117 Ὅρα
340 1030 400 1117 δή,
413 1037 474 1098 τοῦ
487 1041 626 1117 φρονεῖν
638 1032 692 1096 καὶ
704 1036 766 1095 τοῦ
777 1041 867 1096 νοεῖν
878 1029 932 1095 καὶ
945 1031 1070 1112 λογίζε-

58 1137 141 1196 σθαι
152 1124 192 1194 τδι
205 1127 340 1214 δέοντα,
361 1130 417 1197 καὶ
434 1127 497 1196 ὅσα
511 1127 641 1196 τούτων
658 1125 804 1214 ἀδελφά,
832 1133 905 1215 μῶν
923 1125 966 1213 μὴ
986 1122 1067 1194 δέοί
1086 1144 1105 1191 Β

57 1254 102 1294 αν
112 1252 160 1305 τι;

144 1330 248 1394 Hm.
281 1328 347 1396 Καὶ
358 1333 394 1395 τί
397 1357 405 1406 ;
427 1324 614 1412 πάνταγὰρ
632 1323 735 1412 ἔχοιμ’
754 1323 797 1392 ἀν
813 1348 881 1392 πον
892 1324 929 1392 τδ
943 1331 1068 1410 χαίρειν

58 1426 150 1508 ἔχων.

142 1540 219 1602 ΣΩ.
255 1534 392 1604 Οὐκοῦν
409 1534 498 1604 οὕτω
515 1542 579 1618 ζῶν
596 1534 646 1604 ἀεὶ
664 1536 725 1621 μὲν
743 1533 797 1602 διά
809 1540 886 1621 βίον
896 1548 966 1613 ταῖς
975 1559 1067 1619 μεγι-

56 1650 149 1710 σταις
162 1629 297 1719 ἡδοναῖς
307 1642 432 1721 χαίροις
444 1635 500 1714 ἀν;

139 1751 242 1813 Hm.
278 1753 322 1814 Τί
331 1745 361 1814 δ’
376 1745 435 1830 οὕς

142 1863 219 1926 ΣΩ.
251 1865 350 1927 Νοῦν
368 1862 408 1928 δέ
422 1886 460 1945 γε
472 1860 527 1928 καὶ
537 1858 672 1946 μνήμην
684 1861 739 1938 καὶ
750 1858 932 1945 ἐπιστήμην
943 1861 997 1925 καί
1009 1857 1067 1924 δό-

56 1961 117 2035 ξαν
127 1953 174 2042 μὴ
183 1959 382 2044 κεκτημένος
392 1955 516 2044 ἀληθῆ,
528 1967 661 2042 πρῶτον
671 1959 732 2045 μὲν
742 1965 840 2026 τοῦτο
851 1954 944 2040 αὐτό,
956 1962 987 2024 εί
995 1964 1067 2042 χαί-

55 2048 159 2139 ρειςή
176 2053 220 2140 μὴ
237 2060 374 2141 χαίρεις,
397 2054 525 2144 ἀνάγκη
543 2057 585 2144 δή
601 2057 668 2125 πού
686 2076 723 2124 σε
740 2053 889 2142 ἀγνοεῖν,
913 2055 1012 2123 κενόν
1029 2081 1066 2139 γε

55 2147 136 2219 ὄντα
147 2152 256 2240 πάσης
267 2153 475 2240 φρονήσεας;
1136 2150 1140 2155 ’

10 2318 16 2361 3
139 2270 243 2332 ΠΡΩ.
273 2263 423 2353 Ἀνάγκη.

10 2378 15 2471 ξ
141 2381 218 2444 ΣΩ.
261 2379 328 2446 Καὶ
354 2377 420 2466 μήν
449 2378 607 2458 ὡσαύτως
635 2379 768 2465 μνήμην
795 2377 839 2465 μή
864 2381 1103 2463 κεκτημένονθ
1189 2392 1191 2396 “

10 2474 14 2555 ξ
56 2470 188 2560 ἀνάγκη
200 2474 309 2561 δήπου
320 2475 399 2563 μηδ’
413 2475 464 2545 ὅτι
476 2475 555 2544 ποτὲ
566 2482 691 2561 ἔχαιρες
701 2484 902 2562 μεμνῆσθαι,
916 2483 974 2562 τῆς
984 2475 1014 2542 τ’
1028 2478 1064 2541 ἐν

10 2582 17 2655 ἒ
55 2581 101 2663 τῷ
128 2581 328 2661 παραχρῆμα
355 2572 478 2663 ἡδονῆς
507 2574 776 2661 προσπιπτούσης
802 2572 879 2661 μηδ’
907 2572 1065 2662 ἡντινοῦν

10 2682 14 2701 *
55 2669 190 2757 μνήμην
201 2667 394 2759 ὑπομένειν·
416 2675 517 2754 δόξαν
529 2671 562 2740 δ’
574 2666 619 2740 αὖ
628 2673 671 2758 μή
684 2677 886 2760 κεκτημένον
897 2669 1007 2759 ἀληθῆ
1020 2671 1064 2758 μή
1167 2690 1169 2695 ’

57 2768 205 2850 δοξάζειν
215 2778 341 2857 χαίρειν
351 2778 523 2861 χαίροντα,
545 2779 708 2858 λογισμοῦ
725 2772 761 2839 δὲ
772 2771 974 2857 στερόμενον
985 2768 1064 2857 μηδ’
1170 2787 1175 2793 ”

57 2869 100 2944 είς
111 2862 173 2934 τδν
183 2872 294 2936 ἔπειτα
310 2869 434 2955 χρόνον
449 2867 493 2949 ἀς
508 2870 676 2957 χαιρήσεις
687 2866 833 2938 δυνατὸν
845 2867 928 2937 εἶναι
939 2876 1063 2955 λογίζε-

16 2996 22 3023 ι
57 2970 146 3050 σθαι,
159 2968 219 3051 ζήν
230 2966 266 3034 δὲ
278 2963 341 3035 οὐκ
352 2965 540 3053 ἀνθράπον
551 2975 637 3055 βίον,
650 2965 733 3036 ἀλλά
744 2995 833 3048 τινος
845 2967 1030 3054 πλεύμονος
1041 2960 1063 3050 ἡ

56 3068 120 3129 τῶν
133 3060 197 3130 ὅσα
208 3064 370 3132 θαλάττια
381 3064 454 3151 μετ’
472 3063 652 3151 ὀστρεΐνων
670 3067 799 3151 ἔμψυχά
810 3069 878 3134 ἔστι
889 3063 1060 3150 σωμάτων.

20 3254 24 3259 Ι
56 3162 119 3228 ἔστι
130 3169 252 3247 ταῦτα,
264 3158 286 3248 ἡ
297 3163 387 3251 τιαρά
397 3174 501 3234 ταῦτα
512 3171 628 3254 ἔχομεν
640 3166 748 3246 άλλως
760 3172 998 3252 διανοηθῆναι;
1081 3185 1103 3233 1)

135 3265 240 3329 ΠΡΩ.
273 3264 436 3347 Καίπσῐςς

136 3363 213 3507 ξέλ.
242 3349 313 3508 ’μή
328 3353 390 3428 οὖν
401 3361 530 3446 αίρετδς
541 3360 619 3450 ἡμῖν
629 3371 701 3450 βίος
712 3360 729 3430 ὁ
742 3371 909 3444 τοιοῦτοςς

21 3506 24 3513 ,
159 3470 229 3508 LATO
275 3492 282 3506 ·
900 3468 922 3512 ἲ
