2422 3780
125 110 187 172 142
484 114 769 172 ΠΛΑΤΩΝΟΣ
1111 126 1128 176 4

126 270 206 338 ὄντα
221 273 272 339 ἐπὶ
289 268 351 356 τήν
367 279 429 338 τοῦ
446 270 628 356 ἀμείνονος.
660 271 751 339 ταῦτ’
771 271 917 351 ἀκούσας
938 280 1042 343 εἰπεῖν
1064 280 1128 362 ἔφη

116 369 211 448 Ἴσως
221 374 335 455 μέντοι
345 371 553 438 κινδυνεύσω
565 372 619 438 καὶ
629 368 692 455 ε’γά
707 369 768 458 οὐχ
779 370 822 450 ὡς
833 373 876 439 σῦ
887 377 1001 460 λέγεις,
1013 367 1039 439 ἀ
1051 373 1128 439 Σω-

124 494 257 555 κρατες,
278 467 360 536 ἀλλά
372 468 452 536 καθ’
461 466 608 554 Ὅμηρον
619 477 747 552 φαῦλος
759 465 807 536 ἀν
821 473 872 537 ἐπὶ
884 480 994 557 σοφοῦ
1005 470 1129 558 ἀνδρὸς

86 587 108 637 n
125 569 209 634 ἰέναι
220 575 341 654 θοίνην
352 567 498 654 ἀκλητος.
521 561 577 653 ἀρ’
591 561 654 635 οὖν
665 567 757 653 ἀγων
766 573 807 654 μέ
817 596 848 636 τι
858 568 1072 655 ἀπολογήσει;
1086 567 1130 648 ὡς

124 664 187 751 ε’γω
199 667 259 751 μὲν
270 665 331 753 οὐχ
340 664 536 754 ὁμολογήσω
549 667 688 753 ἄκλητος
698 666 809 754 ήκειν,
832 666 906 736 ἀλλ’
919 665 985 736 ὑπὸ
997 676 1061 735 σοῦ
1073 694 1129 735 κε-

124 768 294 851 κλημένος.
328 766 405 833 Σάν
415 792 451 834 τε
462 765 529 851 δύ’,
541 771 620 854 ἔφη,
633 768 796 852 ἐρχομένω
807 767 871 851 πρό
884 764 901 834 ὁ
913 776 975 834 τοῦ
985 773 1129 853 βουλευ-

126 864 256 949 σόμεθα
267 863 287 931 ὅ
297 891 329 933 τι
340 868 491 952 ἐροῦμεν.
513 865 596 933 ἀλλά
608 877 718 951 ίωμεν.
740 908 778 918 -
800 866 933 934 Τοιαῦτ’
946 866 1026 934 ἀττα
1043 875 1130 952 σφοῖς

127 969 190 1047 ἔφη
214 966 444 1048 διαλεχθέντας
467 968 560 1032 ἰέναι.
593 963 654 1032 τόν
675 956 738 1032 οὖν
748 965 910 1051 Σωκράτη
933 968 1040 1054 ἑαυτῷ
1061 989 1132 1044 πως

127 1064 330 1143 προσέχοντα
347 1060 408 1127 τόν
422 1071 507 1129 νοῦν
520 1062 603 1130 κατά
615 1062 676 1149 τήν
687 1062 770 1131 ὁδὸν
780 1065 985 1151 πορεύεσθαι
996 1062 1133 1131 ὑπολει-

128 1158 290 1243 πόμενον,
313 1161 368 1225 καὶ
388 1163 623 1246 περιμένοντος
640 1155 682 1229 οὗ
699 1164 847 1230 κελεύειν
864 1167 1014 1244 προϊέναι
1031 1168 1077 1241 είς
1093 1159 1130 1229 τό

128 1256 289 1342 πρόσθεν.
320 1256 432 1344 ἐπειδή
451 1259 486 1326 δὲ
499 1263 657 1344 γενέσθαι
670 1263 722 1329 ἐπὶ
731 1269 770 1350 τή
784 1268 870 1349 οίκίᾳ
880 1269 920 1350 τῇ
930 1261 1130 1347 Ἀγάθωνος,

93 1379 114 1428 Ε
131 1354 343 1444 ἀνεῳγμένην
356 1360 623 1448 καταλαμβάνειν
631 1358 690 1447 τήν
699 1361 823 1444 θύραν,
834 1367 892 1426 καί
897 1387 929 1425 τι
938 1365 1001 1444 ἔφη
1012 1357 1131 1426 αὐτόθι

128 1465 260 1542 γελοῖον
278 1467 409 1526 παθεῖν.
441 1456 474 1528 οἱ
489 1461 551 1546 μέν
566 1459 630 1547 γάρ
649 1457 753 1537 εὐθὺς
770 1459 871 1525 παῖδά
893 1485 968 1526 τινα
991 1463 1131 1526 ἔνδοθεν

130 1551 365 1639 ἀπαντήσαντα
376 1556 471 1642 ἀγειν
482 1551 524 1626 οὗ
536 1566 721 1627 κατέκειντο
733 1563 767 1627 οί
777 1556 887 1642 ἄλλοι,
900 1560 956 1626 καὶ
965 1567 1129 1643 καταλαμ-

130 1654 246 1739 βάνειν
266 1654 329 1743 ήδη
349 1661 527 1742 μέλλοντας
544 1664 703 1726 δειπνεῖν·
727 1655 833 1736 εὐθάς
851 1655 882 1724 δ’
902 1650 965 1723 οὖν
988 1654 1030 1735 ὡς
1052 1660 1134 1723 ι’δείν

130 1752 190 1819 τόν
197 1749 390 1837 Ἀγάθωνα,
404 1747 460 1836 Ὦ,
479 1754 599 1839 φάναι,
616 1754 1022 1843 Ἀριστόδημε,·είςκαλὸν
1033 1753 1133 1838 ἥκεις,

131 1849 221 1929 ὅπως
238 1853 497 1940 συνδειπνήσης·
517 1859 547 1921 εί
562 1851 592 1920 δ’
614 1855 718 1921 ἀλλον
734 1853 824 1932 τινός
839 1854 935 1919 ἕνεκα
951 1845 1067 1937 ἦλθες,
1090 1857 1135 1928 είς

132 1945 233 2031 αὖθις
242 1951 423 2040 ἀναβαλοῦ,
437 1953 480 2032 ως
488 1957 543 2021 καὶ
552 1953 631 2038 χθὲς
643 1959 746 2036 ζητοῦν
757 1972 803 2034 σε,
815 1955 871 2016 ἵνα
880 1952 1060 2032 καλέσαιμι,
1074 1947 1134 2031 οὐχ

132 2047 202 2129 οἷός
221 2050 251 2116 τ’
270 2044 293 2137 ή
312 2056 404 2119 ἰδεῖν.
437 2050 521 2118 ἀλλά
533 2050 696 2134 Σωκράτη
708 2044 866 2133 ἡμῖνπῶς
877 2045 939 2112 οὐκ
951 2045 1057 2131 ἀγειςς
1080 2049 1134 2113 καὶ

131 2149 213 2234 ἐγώ,
226 2153 306 2234 ἔφη,
323 2149 628 2235 μεταστρεφόμενος
639 2144 790 2233 οὐδαμοῦ
800 2142 868 2231 ὁρῦ
881 2144 1044 2229 Σωκράτη
1057 2144 1135 2211 ἑπό-

130 2273 247 2334 μενον·
271 2246 365 2317 εἷπον
376 2239 455 2334 οάν,
473 2246 523 2316 ὅτι
534 2251 590 2317 καὶ
600 2243 700 2326 αάτός
710 2247 790 2332 μετά
800 2246 1003 2329 Σωκράτους
1013 2242 1134 2330 ἥκοιμι,

131 2349 268 2432 κληθείς
277 2344 336 2414 ὑπ’
351 2350 481 2415 ἐκείνου
492 2346 585 2431 δεῦρ’
598 2348 650 2415 έπδ
662 2350 806 2431 δεῖπνον.
828 2353 963 2430 Καλῦς,
974 2350 1049 2431 ἔφη,
1061 2369 1136 2412 ποι-

65 2458 115 2515 175
133 2455 180 2512 ων
192 2447 251 2513 σύ·
269 2443 352 2513 ἀλλὰ
365 2455 432 2513 ποῦ
442 2451 531 2513 ἔστιν
541 2439 828 2525 οῦτοςςὍπισθεν
838 2449 920 2532 ἐμοῦ
933 2444 1006 2532 ἀρτι
1018 2444 1134 2530 είσήει·

132 2542 216 2611 ἀλλά
226 2545 385 2629 θαυμάζω
394 2547 449 2612 καὶ
458 2542 569 2631 αὐτός,
578 2553 645 2611 ποῦ
653 2540 697 2611 ἀν
705 2556 764 2632 είη.
789 2543 841 2614 Οά
851 2548 973 2629 σκέψει,
983 2549 1057 2629 ἔφη,
1067 2556 1135 2625 παῖ,

85 2656 87 2660 ’
133 2642 239 2727 φάναι
249 2640 508 2726 τόνἎγάθωνα,
529 2643 731 2722 καλείσάξεις
743 2643 924 2728 Σωκράτης
950 2639 992 2707 σὺ
1004 2639 1048 2723 δ’,
1068 2632 1091 2723 ή
1102 2637 1134 2704 δ’

134 2741 187 2826 ὅς,
196 2739 422 2825 Ἀριστόδημε,
435 2737 513 2823 παρ’
526 2739 735 2828 Ἐρυξίμαχον
745 2747 953 2807 κατακλίνον.

218 2846 267 2907 ΙΙΙ.
310 2840 377 2906 Καὶ
393 2841 411 2904 ἓ
425 2838 486 2923 μέν
503 2842 566 2923 ἔφη
583 2837 749 2918 ἀπονίζειν
758 2837 819 2905 τὸν
827 2842 945 2922 παῖδα,
968 2839 1023 2902 ἵνα
1034 2861 1136 2900 κατα-

133 2944 255 3009 κέοιτο·
277 2936 382 3007 ἀλλον
395 2940 433 3004 δέ
439 2963 514 3004 τινα
525 2945 593 3004 των
603 2940 732 3003 παίδων
743 2934 838 3022 ήκειν
849 2933 1067 3019 ἀγγέλλοντα,
1085 2930 1137 2998 ὅτι

135 3039 316 3126 Σωκράτης
334 3028 433 3116 οὗτος
449 3033 664 3122 ἀναχωρήσας
681 3037 719 3102 έν
734 3041 780 3122 τῷ
797 3040 865 3100 τῶν
878 3032 1038 3118 γειτόνων
1052 3055 1138 3113 προ-

133 3139 233 3228 θῦρω
245 3140 360 3226 ἕστηκε
370 3139 425 3205 καὶ
436 3128 478 3204 οὗ
488 3141 672 3212 καλοῦντος
682 3130 747 3200 οὐκ
757 3134 865 3199 έθέλει
877 3132 1020 3198 εἰσιέναι.
1039 3127 1137 3195 ”Avo-

135 3239 201 3306 πόν
219 3235 264 3323 γ’,
287 3242 367 3323 ἔφη,
388 3237 506 3322 λέγεις·
530 3232 657 3302 οὔκουν
674 3242 783 3310 καλεῖς
798 3227 903 3299 αὐτόν
919 3231 975 3298 καὶ
991 3227 1035 3316 μή
1048 3227 1138 3314 ἀφή-

97 3360 117 3411 13
136 3359 220 3419 σειςς
242 3338 297 3403 καί
308 3333 418 3422 δςέφη
430 3341 533 3404 εἰπεῖν
544 3337 730 3421 Μηδαμῶς,
743 3329 817 3400 ἀλλ’
829 3333 901 3398 έάτε
912 3326 1025 3397 αὐτόν.
1059 3333 1138 3404 ἒθος
