2408 3780
130 123 201 191 256
500 122 790 182 ΠΛΑΤΩΝΟΣ
1094 131 1146 186 118

140 283 301 350 άδάνατοι
311 284 465 367 ἐγένοντο
477 278 672 367 ὁρίσασθαι,
695 287 729 347 τί
742 277 817 348 ποτ’
837 286 904 348 ἐστι
915 282 1090 366 ῥητορική,
1112 284 1149 349 ἐκ

142 382 178 448 δὲ
187 380 311 448 τούτου
320 388 383 447 τοῦ
393 380 526 459 πάθους
536 381 576 448 τά
588 377 652 463 πρὸ
664 386 722 464 τῆς
734 380 850 466 τέχνης
860 375 1024 467 άναγκαΐα
1035 380 1150 465 μαθή-

107 491 127 542 c
142 505 228 566 ματα
239 484 368 565 ἔχοντες
384 475 563 566 ῥητορικήν
580 477 743 569 ᾠήθησαν
760 476 951 566 εὑρηκέναι,
974 479 1150 545 καὶταῦτα

42 640 49 661 ,-
142 574 183 664 δή
198 577 410 655 διδάσκοντες
421 575 544 656 άλλους
558 575 723 664 ήγουυταί
737 597 831 664 σφισι
841 581 959 656 τελέας
970 578 1151 664 ῥητορικήν

142 676 352 762 δεδιδάχθαι,
373 672 411 743 τδ
432 673 464 741 δ’
483 677 604 743 ἕκαστα
620 675 752 745 τούτων
767 684 920 755 πιθανοῖς
930 678 1039 761 λέγειν
1049 702 1084 743 τε
1095 677 1152 744 καὶ

141 775 178 844 τδ
192 773 273 843 ὅλον
283 785 515 861 συνίστασθαι,
528 773 629 843 οὐδὲν
639 779 754 861 ἔργον,
766 772 889 853 αὐτοὺς
899 779 970 842 δεῖν
980 771 1058 859 παρ’
1072 775 1152 843 ἑαυ-

142 881 210 943 τοῑν
221 872 299 952 τούς
309 874 462 961 μαθηταῖς
472 894 570 961 σφων
582 878 777 961 πορίζεσθαι
789 875 903 950 ἐντοῖς
914 872 1033 957 λόγοις.

229 979 320 1041 ΦΑΙ.
350 970 447 1041 Ἀλλά
458 973 542 1060 μήν,
555 964 786 1058 ιδΣάκρατες,
798 971 987 1038 κινδυνεύει
997 973 1152 1040 τοιοῦτόν

142 1098 174 1139 τι
189 1068 274 1137 εἶναι
293 1070 329 1138 τό
348 1080 405 1158 τής
422 1075 554 1159 τέχνης,
575 1068 618 1157 ἣν
629 1062 723 1138 οὗτοι
736 1074 770 1137 οἱ
784 1069 904 1153 ἄνδρες
919 1066 1153 1157 ὡςρητορικήυ

144 1167 342 1238 διδάσκονσί
358 1197 394 1237 τε
415 1172 471 1238 καὶ
491 1170 675 1257 γράφουσι·
702 1171 758 1237 καὶ
779 1175 890 1255 ἔμοιγε
913 1173 1020 1248 δοκεῖς
1041 1168 1153 1256 άληθή

105 1280 127 1330 Ι)
146 1270 328 1356 εἰρηκέναι·
353 1267 436 1337 άλλά
454 1267 495 1356 δή
511 1267 575 1356 τήν
584 1276 644 1337 τοῦ
656 1275 702 1357 τῷ
713 1265 786 1335 όυτι
796 1271 974 1355 ῥητορικοῦ
985 1294 1020 1336 τε
1031 1269 1086 1336 καὶ
1097 1292 1153 1334 πι-

144 1375 259 1436 θανοῦ
268 1371 387 1456 τέχνην
397 1376 468 1449 πῶς
484 1371 539 1436 καὶ
550 1368 660 1436 πόθεν
671 1366 714 1435 άν
723 1394 772 1445 τις
783 1367 919 1435 δύναιτο
931 1373 1151 1452 πορίσασθαι;

228 1472 303 1535 Σίδ.
342 1463 387 1536 Τό
398 1466 459 1554 μὲν
470 1468 654 1553 δύνασθαι,
673 1457 853 1551 άΦαίδρε,
873 1463 1153 1552 άστεάγοιυιστήυ

143 1570 432 1653 τέλεονγενέσθαι,
440 1565 537 1653 είκός,
546 1576 624 1646 ἴσως
634 1567 670 1635 δὲ
678 1567 733 1633 καὶ
743 1562 935 1652 ἀναγκαίου,
944 1571 1030 1651 έχειν
1040 1565 1151 1650 ὥσπερ

19 1676 22 1680 ’
144 1657 256 1733 τάλλα.
271 1671 302 1733 εί
316 1667 378 1752 μέν
390 1688 443 1733 σοι
453 1662 593 1753 ὑπάρχει
603 1665 705 1752 φάσει
716 1668 881 1755 ῥητορικῷ
892 1661 992 1750 εἶναι,
1013 1670 1081 1732 ἐσει
1091 1665 1153 1750 ῥή-

143 1788 211 1849 τωρ
229 1762 416 1850 ἐλλόγιμος,
436 1762 637 1852 προσλαβών
658 1763 841 1850 ἐπιστήμην
862 1789 898 1831 τε
919 1764 974 1830 καί
997 1764 1151 1848 μελέτην·

144 1859 225 1928 ὅτου
242 1857 274 1927 δ’
293 1856 336 1928 όν
351 1863 484 1950 ἐλλίπχς
499 1861 645 1948 τούτων,
666 1861 770 1950 ταύτῃ
788 1859 904 1948 άτελής
920 1867 994 1930 ἔσει.
1017 1860 1100 1930 ὅσον
1118 1864 1153 1931 δὲ

146 1956 252 2027 αὐτοῦ
262 1964 369 2046 τέχνη,
382 1957 443 2046 οὐχ
453 1952 479 2048 ή
487 1967 613 2040 Λυσίας
622 1987 657 2030 τε
666 1963 722 2030 καὶ
734 1960 953 2048 Θρασύμαχος
963 1961 1151 2047 πορεύεται,

145 2061 302 2143 δοκείμοι
314 2064 495 2143 φαίνεσθαι
506 2057 527 2146 ἡ
540 2063 691 2145 μέθοδος.

230 2163 320 2225 ΦΑΙ.
351 2154 448 2225 Ἀλλά
461 2165 509 2244 πή
521 2158 578 2244 δή;

110 2274 130 2324 Ε
231 2261 306 2323 Σίδ.
345 2256 563 2342 Κινδυνεάει,
587 2251 614 2326 ὦ
636 2256 766 2341 άριστε,
790 2255 924 2333 εἰκότας
946 2250 1155 2344 ὁ,Περικλής

145 2353 281 2422 πάντων
291 2355 488 2436 τελειότατος
499 2363 545 2436 είς
555 2354 617 2444 τὴν
628 2352 807 2442 ῥητορικήν
817 2357 985 2441 γενέσθαι.

231 2461 321 2522 ΦΑΙ.
358 2463 400 2524 Τί
408 2458 463 2543 δή;
591 2466 595 2473 ’

228 2561 306 2623 LIV.
349 2561 424 2622 ΣΩ.
451 2561 565 2623 Πᾶσαι
575 2554 651 2623 όσαι
661 2553 800 2640 μεγάλαι
810 2559 878 2621 τόν
893 2563 1034 2640 τεχνῶν,
1048 2573 1153 2640 προσ-

76 2667 129 2724 270
145 2656 276 2721 δέονται
298 2650 488 2740 ἀδολεσχίας
503 2655 559 2721 καὶ
574 2658 833 2743 μετεωρολογίας
850 2652 983 2737 φάσεως
999 2654 1090 2737 πέρι·
1113 2651 1151 2720 τό

144 2749 209 2838 γάρ
221 2747 419 2836 ὑψηλόνουν
428 2759 527 2820 τοῦτο
545 2755 600 2821 καὶ
616 2753 725 2840 πάντη
736 2748 968 2835 τελεσιουργόν
979 2756 1087 2819 ἔοικεν
1097 2753 1155 2819 ἐν-

144 2852 267 2918 τεῦθέν
284 2860 394 2918 ποθεν
410 2853 554 2920 εἰσιέναι.
577 2849 597 2920 δ
614 2854 670 2920 καὶ
685 2857 851 2935 Περικλῆς
866 2848 950 2935 πρὸς
966 2855 1012 2939 τῷ
1026 2846 1154 2935 εὐφυής

77 2941 81 2953 “
145 2946 230 3017 εἶναι
253 2948 430 3036 ἐκτήσατο·
451 2948 652 3037 προσπεσών
671 2949 753 3036 γάρ,
783 2945 890 3034 οἶμαι,
917 2948 1058 3039 τοιοάτςο
1080 2947 1154 3017 ὄντι

140 3047 361 3139 Ἀναξαγόρᾳ,
390 3056 649 3136 μετεωρολογίας
671 3049 871 3136 ἐμπλησθεὶς
897 3050 952 3117 καὶ
973 3051 1027 3117 ἐπὶ
1049 3049 1155 3134 φύσιν

144 3154 208 3215 νοῦ
219 3173 254 3214 τε
265 3150 320 3216 καὶ
331 3147 447 3229 άνοίας
457 3148 678 3236 άφικόμενος,
701 3140 749 3217 ὦν
761 3144 801 3233 δὴ
814 3151 889 3234 πέρι
898 3145 959 3216 τόν
969 3148 1079 3215 πολὺν
1092 3148 1154 3216 λό-

142 3274 205 3334 γον
216 3250 355 3317 ἐποιεῖτο
364 3247 772 3337 Ἀναξαγόρας,ἐντευθεν
784 3251 937 3316 εἵλκυσεν
946 3248 999 3315 ἐπὶ
1009 3244 1073 3334 τήν
1084 3255 1152 3317 τῶν

127 3347 250 3426 λόγων
259 3351 381 3435 τεχνην
390 3346 428 3417 τό
441 3347 640 3437 πρόσφορον
650 3345 742 3438 αὐτῇ.
