<?xml version="1.0" encoding="UTF-8"?>
<!DOCTYPE html PUBLIC "-//W3C//DTD XHTML 1.0 Transitional//EN"
    "http://www.w3.org/TR/xhtml1/DTD/xhtml1-transitional.dtd">
<html xmlns="http://www.w3.org/1999/xhtml" xml:lang="en" lang="en">
 <head>
  <title>
</title>
<meta http-equiv="Content-Type" content="text/html;charset=utf-8" />
  <meta name='ocr-system' content='tesseract 3.04.00' />
  <meta name='ocr-capabilities' content='ocr_page ocr_carea ocr_par ocr_line ocrx_word'/>
</head>
<body>
  <div class='ocr_page' id='page_1' title='image "./dialogisecundum03platgoog_0217.png"; bbox 0 0 2408 3780; ppageno 0'>
   <div class='ocr_carea' id='block_1_1' title="bbox 1163 104 1184 123">
    <p class='ocr_par' dir='ltr' id='par_1_1' title="bbox 1163 104 1184 123">
     <span class='ocr_line' id='line_1_1' title="bbox 1163 104 1184 123; baseline 0.095 -4"><span class='ocrx_word' id='word_1_1' title='bbox 1163 104 1184 123; x_wconf 66' lang='grc' dir='ltr'><em>,ιιι</em></span> 
     </span>
    </p>
   </div>
   <div class='ocr_carea' id='block_1_2' title="bbox 133 160 1184 243">
    <p class='ocr_par' dir='ltr' id='par_1_2' title="bbox 133 160 1184 243">
     <span class='ocr_line' id='line_1_2' title="bbox 133 160 1184 243; baseline 0.003 -3"><span class='ocrx_word' id='word_1_2' title='bbox 133 178 194 242; x_wconf 81' lang='grc'><em>166</em></span> <span class='ocrx_word' id='word_1_3' title='bbox 489 183 776 243; x_wconf 76' lang='grc' dir='ltr'><em>ΠΛΑτωΝοΣ</em></span> <span class='ocrx_word' id='word_1_4' title='bbox 1092 160 1140 243; x_wconf 74' lang='grc' dir='ltr'><em>ιε’</em></span> <span class='ocrx_word' id='word_1_5' title='bbox 1178 190 1184 243; x_wconf 90' lang='grc'><em>-·.</em></span> 
     </span>
    </p>
   </div>
   <div class='ocr_carea' id='block_1_3' title="bbox 65 335 1162 3480">
    <p class='ocr_par' dir='ltr' id='par_1_3' title="bbox 131 335 1162 1220">
     <span class='ocr_line' id='line_1_3' title="bbox 131 335 1161 437; baseline 0.005 -31"><span class='ocrx_word' id='word_1_6' title='bbox 131 335 240 426; x_wconf 75' lang='grc' dir='ltr'><em>ἢποῑς</em></span> <span class='ocrx_word' id='word_1_7' title='bbox 257 343 376 427; x_wconf 75' lang='grc' dir='ltr'><em>λέγειςς</em></span> <span class='ocrx_word' id='word_1_8' title='bbox 397 339 520 428; x_wconf 81' lang='grc' dir='ltr'><em>Ἀληθῆ</em></span> <span class='ocrx_word' id='word_1_9' title='bbox 537 346 657 428; x_wconf 86' lang='grc' dir='ltr'><em>λέγεις,</em></span> <span class='ocrx_word' id='word_1_10' title='bbox 681 344 794 428; x_wconf 83' lang='grc' dir='ltr'><em>φάναι.</em></span> <span class='ocrx_word' id='word_1_11' title='bbox 831 341 917 422; x_wconf 79' lang='grc' dir='ltr'><em>Τοὺς</em></span> <span class='ocrx_word' id='word_1_12' title='bbox 938 341 976 411; x_wconf 70' lang='grc' dir='ltr'><em>δδ</em></span> <span class='ocrx_word' id='word_1_13' title='bbox 995 340 1129 421; x_wconf 75' lang='grc' dir='ltr'><em>πολλοὺς</em></span> <span class='ocrx_word' id='word_1_14' title='bbox 1154 432 1161 437; x_wconf 26' lang='grc' dir='ltr'><em>Π</em></span> 
     </span>
     <span class='ocr_line' id='line_1_4' title="bbox 133 435 1132 528; baseline 0.002 -22"><span class='ocrx_word' id='word_1_15' title='bbox 133 436 194 507; x_wconf 84' lang='grc' dir='ltr'><em>οὐκ</em></span> <span class='ocrx_word' id='word_1_16' title='bbox 207 435 251 506; x_wconf 83' lang='grc' dir='ltr'><em>άν</em></span> <span class='ocrx_word' id='word_1_17' title='bbox 262 440 446 524; x_wconf 80' lang='grc' dir='ltr'><em>αἰσχύνοιο,</em></span> <span class='ocrx_word' id='word_1_18' title='bbox 459 449 491 508; x_wconf 84' lang='grc' dir='ltr'><em>εί</em></span> <span class='ocrx_word' id='word_1_19' title='bbox 498 465 529 506; x_wconf 93' lang='grc' dir='ltr'><em>τι</em></span> <span class='ocrx_word' id='word_1_20' title='bbox 540 448 623 508; x_wconf 87' lang='grc' dir='ltr'><em>οίοιο</em></span> <span class='ocrx_word' id='word_1_21' title='bbox 636 440 773 528; x_wconf 84' lang='grc' dir='ltr'><em>αίσχρὸν</em></span> <span class='ocrx_word' id='word_1_22' title='bbox 784 454 909 523; x_wconf 73' lang='grc' dir='ltr'><em>ποιελνς</em></span> <span class='ocrx_word' id='word_1_23' title='bbox 919 444 975 508; x_wconf 78' lang='grc' dir='ltr'><em>καὶ</em></span> <span class='ocrx_word' id='word_1_24' title='bbox 984 438 1046 509; x_wconf 88' lang='grc' dir='ltr'><em>τόν</em></span> <span class='ocrx_word' id='word_1_25' title='bbox 1056 447 1132 509; x_wconf 78' lang='grc' dir='ltr'><em>Φαί-</em></span> 
     </span>
     <span class='ocr_line' id='line_1_5' title="bbox 133 530 1162 625; baseline -0.001 -22"><span class='ocrx_word' id='word_1_26' title='bbox 133 540 216 623; x_wconf 90' lang='grc' dir='ltr'><em>δρου</em></span> <span class='ocrx_word' id='word_1_27' title='bbox 233 543 297 624; x_wconf 78' lang='grc' dir='ltr'><em>ἔφη</em></span> <span class='ocrx_word' id='word_1_28' title='bbox 314 535 527 624; x_wconf 81' lang='grc' dir='ltr'><em>ὑπολαβόντα</em></span> <span class='ocrx_word' id='word_1_29' title='bbox 540 543 644 607; x_wconf 78' lang='grc' dir='ltr'><em>εἰπεῖν</em></span> <span class='ocrx_word' id='word_1_30' title='bbox 655 530 693 606; x_wconf 79' lang='grc' dir='ltr'><em>Ὦ</em></span> <span class='ocrx_word' id='word_1_31' title='bbox 706 544 781 624; x_wconf 85' lang='grc' dir='ltr'><em>φίλε</em></span> <span class='ocrx_word' id='word_1_32' title='bbox 790 536 959 625; x_wconf 75' lang='grc' dir='ltr'><em>Ἀγάθων,</em></span> <span class='ocrx_word' id='word_1_33' title='bbox 983 535 1133 607; x_wconf 80' lang='grc' dir='ltr'><em>ἐάνάπο-</em></span> <span class='ocrx_word' id='word_1_34' title='bbox 1159 596 1162 601; x_wconf 95' lang='grc'>.</span> 
     </span>
     <span class='ocr_line' id='line_1_6' title="bbox 133 633 1134 729; baseline 0.001 -26"><span class='ocrx_word' id='word_1_35' title='bbox 133 644 230 724; x_wconf 72' lang='grc' dir='ltr'><em>κρίνῃ</em></span> <span class='ocrx_word' id='word_1_36' title='bbox 240 636 428 724; x_wconf 85' lang='grc' dir='ltr'><em>Σωκράτει,</em></span> <span class='ocrx_word' id='word_1_37' title='bbox 452 636 552 706; x_wconf 76' lang='grc' dir='ltr'><em>οὐδὲν</em></span> <span class='ocrx_word' id='word_1_38' title='bbox 569 642 616 704; x_wconf 80' lang='grc' dir='ltr'><em>ἔτι</em></span> <span class='ocrx_word' id='word_1_39' title='bbox 633 642 748 705; x_wconf 76' lang='grc' dir='ltr'><em>διοίσει</em></span> <span class='ocrx_word' id='word_1_40' title='bbox 759 634 849 729; x_wconf 79' lang='grc' dir='ltr'><em>αὐτῷ</em></span> <span class='ocrx_word' id='word_1_41' title='bbox 860 633 991 726; x_wconf 76' lang='grc' dir='ltr'><em>ὁπῃοῦν</em></span> <span class='ocrx_word' id='word_1_42' title='bbox 1003 642 1072 704; x_wconf 76' lang='grc' dir='ltr'><em>τῶν</em></span> <span class='ocrx_word' id='word_1_43' title='bbox 1083 640 1134 705; x_wconf 80' lang='grc' dir='ltr'><em>έν-</em></span> 
     </span>
     <span class='ocr_line' id='line_1_7' title="bbox 132 734 1134 825; baseline 0 -24"><span class='ocrx_word' id='word_1_44' title='bbox 132 735 217 802; x_wconf 88' lang='grc' dir='ltr'><em>θάδε</em></span> <span class='ocrx_word' id='word_1_45' title='bbox 236 734 353 803; x_wconf 82' lang='grc' dir='ltr'><em>ὁτιοῦν</em></span> <span class='ocrx_word' id='word_1_46' title='bbox 369 742 561 823; x_wconf 86' lang='grc' dir='ltr'><em>γίγνεσθαι,</em></span> <span class='ocrx_word' id='word_1_47' title='bbox 584 734 643 803; x_wconf 85' lang='grc' dir='ltr'><em>ἐάν</em></span> <span class='ocrx_word' id='word_1_48' title='bbox 660 735 767 822; x_wconf 93' lang='grc' dir='ltr'><em>μόνον</em></span> <span class='ocrx_word' id='word_1_49' title='bbox 785 742 840 825; x_wconf 75' lang='grc' dir='ltr'><em>ἔχῃ</em></span> <span class='ocrx_word' id='word_1_50' title='bbox 857 734 923 822; x_wconf 76' lang='grc' dir='ltr'><em>ὅτῳ</em></span> <span class='ocrx_word' id='word_1_51' title='bbox 940 739 1134 822; x_wconf 74' lang='grc' dir='ltr'><em>διαλέγηται,</em></span> 
     </span>
     <span class='ocr_line' id='line_1_8' title="bbox 132 830 1135 924; baseline 0.001 -24"><span class='ocrx_word' id='word_1_52' title='bbox 132 830 239 911; x_wconf 86' lang='grc' dir='ltr'><em>άλλως</em></span> <span class='ocrx_word' id='word_1_53' title='bbox 255 859 289 900; x_wconf 88' lang='grc' dir='ltr'><em>τε</em></span> <span class='ocrx_word' id='word_1_54' title='bbox 302 837 356 902; x_wconf 83' lang='grc' dir='ltr'><em>καὶ</em></span> <span class='ocrx_word' id='word_1_55' title='bbox 367 843 465 924; x_wconf 79' lang='grc' dir='ltr'><em>καλῷ.</em></span> <span class='ocrx_word' id='word_1_56' title='bbox 500 833 564 921; x_wconf 80' lang='grc' dir='ltr'><em>έγοὸ</em></span> <span class='ocrx_word' id='word_1_57' title='bbox 578 835 614 902; x_wconf 76' lang='grc' dir='ltr'><em>δὲ</em></span> <span class='ocrx_word' id='word_1_58' title='bbox 625 832 730 922; x_wconf 77' lang='grc' dir='ltr'><em>ἡδέως</em></span> <span class='ocrx_word' id='word_1_59' title='bbox 740 837 801 922; x_wconf 82' lang='grc' dir='ltr'><em>μὲν</em></span> <span class='ocrx_word' id='word_1_60' title='bbox 812 832 926 902; x_wconf 88' lang='grc' dir='ltr'><em>άκούω</em></span> <span class='ocrx_word' id='word_1_61' title='bbox 937 832 1135 921; x_wconf 74' lang='grc' dir='ltr'><em>Σωκράτους</em></span> 
     </span>
     <span class='ocr_line' id='line_1_9' title="bbox 133 932 1136 1021; baseline 0.001 -23"><span class='ocrx_word' id='word_1_62' title='bbox 133 934 385 1018; x_wconf 88' lang='grc' dir='ltr'><em>διαλεγομένου,</em></span> <span class='ocrx_word' id='word_1_63' title='bbox 406 932 588 1019; x_wconf 88' lang='grc' dir='ltr'><em>άυαγκαίον</em></span> <span class='ocrx_word' id='word_1_64' title='bbox 598 935 636 1001; x_wconf 90' lang='grc' dir='ltr'><em>δέ</em></span> <span class='ocrx_word' id='word_1_65' title='bbox 645 960 701 1019; x_wconf 93' lang='grc' dir='ltr'><em>μοι</em></span> <span class='ocrx_word' id='word_1_66' title='bbox 712 937 952 1021; x_wconf 81' lang='grc' dir='ltr'><em>ἐπιμεληθῆναι</em></span> <span class='ocrx_word' id='word_1_67' title='bbox 961 938 1024 1001; x_wconf 83' lang='grc' dir='ltr'><em>τοῦ</em></span> <span class='ocrx_word' id='word_1_68' title='bbox 1036 935 1136 1019; x_wconf 59' lang='grc' dir='ltr'><em>έγκωε</em></span> 
     </span>
     <span class='ocr_line' id='line_1_10' title="bbox 133 1028 1139 1118; baseline 0.003 -23"><span class='ocrx_word' id='word_1_69' title='bbox 133 1036 211 1114; x_wconf 90' lang='grc' dir='ltr'><em>μίου</em></span> <span class='ocrx_word' id='word_1_70' title='bbox 228 1037 272 1118; x_wconf 77' lang='grc' dir='ltr'><em>τῷ</em></span> <span class='ocrx_word' id='word_1_71' title='bbox 281 1030 400 1115; x_wconf 79' lang='grc' dir='ltr'><em>Ἔρωτι</em></span> <span class='ocrx_word' id='word_1_72' title='bbox 412 1035 467 1100; x_wconf 86' lang='grc' dir='ltr'><em>καὶ</em></span> <span class='ocrx_word' id='word_1_73' title='bbox 477 1032 702 1112; x_wconf 63' lang='grc' dir='ltr'><em>άποδεξασθαι</em></span> <span class='ocrx_word' id='word_1_74' title='bbox 713 1032 792 1117; x_wconf 92' lang='grc' dir='ltr'><em>παρ’</em></span> <span class='ocrx_word' id='word_1_75' title='bbox 806 1028 880 1111; x_wconf 79' lang='grc' dir='ltr'><em>ἕνὸς</em></span> <span class='ocrx_word' id='word_1_76' title='bbox 891 1031 1033 1101; x_wconf 78' lang='grc' dir='ltr'><em>ἑκάστου</em></span> <span class='ocrx_word' id='word_1_77' title='bbox 1043 1028 1139 1118; x_wconf 69' lang='grc' dir='ltr'><em>ὁμοῖν</em></span> 
     </span>
     <span class='ocr_line' id='line_1_11' title="bbox 133 1123 1138 1220; baseline 0.004 -28"><span class='ocrx_word' id='word_1_78' title='bbox 133 1126 193 1193; x_wconf 86' lang='grc' dir='ltr'><em>τόν</em></span> <span class='ocrx_word' id='word_1_79' title='bbox 213 1127 329 1212; x_wconf 90' lang='grc' dir='ltr'><em>λόγον·</em></span> <span class='ocrx_word' id='word_1_80' title='bbox 360 1127 507 1210; x_wconf 87' lang='grc' dir='ltr'><em>άποδούς</em></span> <span class='ocrx_word' id='word_1_81' title='bbox 528 1123 592 1197; x_wconf 80' lang='grc' dir='ltr'><em>οὖν</em></span> <span class='ocrx_word' id='word_1_82' title='bbox 615 1132 768 1215; x_wconf 84' lang='grc' dir='ltr'><em>ἑκάτερος</em></span> <span class='ocrx_word' id='word_1_83' title='bbox 789 1138 836 1217; x_wconf 76' lang='grc' dir='ltr'><em>τῷ</em></span> <span class='ocrx_word' id='word_1_84' title='bbox 856 1138 927 1220; x_wconf 74' lang='grc' dir='ltr'><em>θεῷ</em></span> <span class='ocrx_word' id='word_1_85' title='bbox 948 1129 1057 1208; x_wconf 78' lang='grc' dir='ltr'><em>οὕτως</em></span> <span class='ocrx_word' id='word_1_86' title='bbox 1076 1128 1138 1216; x_wconf 82' lang='grc' dir='ltr'><em>ἤδη</em></span> 
     </span>
    </p>

    <p class='ocr_par' dir='ltr' id='par_1_4' title="bbox 94 1224 1141 1514">
     <span class='ocr_line' id='line_1_12' title="bbox 94 1224 1141 1323; baseline 0.005 -30"><span class='ocrx_word' id='word_1_87' title='bbox 94 1238 115 1287; x_wconf 79' lang='grc' dir='ltr'>Ε</span> <span class='ocrx_word' id='word_1_88' title='bbox 135 1229 347 1313; x_wconf 78' lang='grc' dir='ltr'><em>διαλεγέσθω.</em></span> <span class='ocrx_word' id='word_1_89' title='bbox 379 1228 474 1298; x_wconf 88' lang='grc' dir='ltr'><em>Ἀλλόι</em></span> <span class='ocrx_word' id='word_1_90' title='bbox 492 1239 600 1311; x_wconf 77' lang='grc' dir='ltr'><em>καλῶς</em></span> <span class='ocrx_word' id='word_1_91' title='bbox 619 1235 739 1318; x_wconf 90' lang='grc' dir='ltr'><em>λέγεις,</em></span> <span class='ocrx_word' id='word_1_92' title='bbox 764 1224 791 1300; x_wconf 81' lang='grc' dir='ltr'><em>ά</em></span> <span class='ocrx_word' id='word_1_93' title='bbox 802 1235 941 1315; x_wconf 79' lang='grc' dir='ltr'><em>Φαῖδρε,</em></span> <span class='ocrx_word' id='word_1_94' title='bbox 965 1230 1072 1323; x_wconf 84' lang='grc' dir='ltr'><em>φάναι</em></span> <span class='ocrx_word' id='word_1_95' title='bbox 1080 1230 1141 1298; x_wconf 88' lang='grc' dir='ltr'><em>τὸυ</em></span> 
     </span>
     <span class='ocr_line' id='line_1_13' title="bbox 129 1322 1139 1416; baseline 0.005 -25"><span class='ocrx_word' id='word_1_96' title='bbox 129 1322 322 1413; x_wconf 83' lang='grc' dir='ltr'><em>Ἀγάθωνα,</em></span> <span class='ocrx_word' id='word_1_97' title='bbox 344 1329 399 1396; x_wconf 80' lang='grc' dir='ltr'><em>καὶ</em></span> <span class='ocrx_word' id='word_1_98' title='bbox 416 1327 516 1397; x_wconf 84' lang='grc' dir='ltr'><em>οὐδέν</em></span> <span class='ocrx_word' id='word_1_99' title='bbox 532 1356 571 1416; x_wconf 88' lang='grc' dir='ltr'><em>με</em></span> <span class='ocrx_word' id='word_1_100' title='bbox 594 1331 716 1398; x_wconf 83' lang='grc' dir='ltr'><em>κωλύει</em></span> <span class='ocrx_word' id='word_1_101' title='bbox 736 1334 859 1415; x_wconf 89' lang='grc' dir='ltr'><em>λέγειν·</em></span> <span class='ocrx_word' id='word_1_102' title='bbox 881 1329 1056 1414; x_wconf 77' lang='grc' dir='ltr'><em>Σωκράτει</em></span> <span class='ocrx_word' id='word_1_103' title='bbox 1077 1326 1139 1414; x_wconf 88' lang='grc' dir='ltr'><em>γάρ</em></span> 
     </span>
     <span class='ocr_line' id='line_1_14' title="bbox 133 1416 797 1514; baseline 0.005 -22"><span class='ocrx_word' id='word_1_104' title='bbox 133 1426 188 1492; x_wconf 83' lang='grc' dir='ltr'><em>καλ</em></span> <span class='ocrx_word' id='word_1_105' title='bbox 199 1416 299 1505; x_wconf 87' lang='grc' dir='ltr'><em>αύθις</em></span> <span class='ocrx_word' id='word_1_106' title='bbox 308 1430 398 1494; x_wconf 83' lang='grc' dir='ltr'><em>ἔσται</em></span> <span class='ocrx_word' id='word_1_107' title='bbox 408 1427 566 1508; x_wconf 75' lang='grc' dir='ltr'><em>πολλάκις</em></span> <span class='ocrx_word' id='word_1_108' title='bbox 578 1433 797 1514; x_wconf 87' lang='grc' dir='ltr'><em>διαλέγεσθαι.</em></span> 
     </span>
    </p>

    <p class='ocr_par' dir='ltr' id='par_1_5' title="bbox 133 1522 1142 1906">
     <span class='ocr_line' id='line_1_15' title="bbox 217 1522 1141 1613; baseline 0.001 -21"><span class='ocrx_word' id='word_1_109' title='bbox 217 1530 323 1593; x_wconf 83' lang='lat' dir='ltr'><strong>XVIII.</strong></span> <span class='ocrx_word' id='word_1_110' title='bbox 365 1522 446 1610; x_wconf 76' lang='grc' dir='ltr'><em>Ἐγώ</em></span> <span class='ocrx_word' id='word_1_111' title='bbox 465 1527 500 1595; x_wconf 75' lang='grc' dir='ltr'><em>δὲ</em></span> <span class='ocrx_word' id='word_1_112' title='bbox 519 1526 559 1613; x_wconf 80' lang='grc' dir='ltr'><em>δὴ</em></span> <span class='ocrx_word' id='word_1_113' title='bbox 577 1526 742 1612; x_wconf 82' lang='grc' dir='ltr'><em>βούλομαι</em></span> <span class='ocrx_word' id='word_1_114' title='bbox 758 1533 891 1609; x_wconf 73' lang='grc' dir='ltr'><em>πρῶτον</em></span> <span class='ocrx_word' id='word_1_115' title='bbox 908 1528 969 1612; x_wconf 77' lang='grc' dir='ltr'><em>μὲν</em></span> <span class='ocrx_word' id='word_1_116' title='bbox 980 1531 1086 1594; x_wconf 82' lang='grc' dir='ltr'><em>εἰπεῖν</em></span> <span class='ocrx_word' id='word_1_117' title='bbox 1096 1522 1141 1603; x_wconf 75' lang='grc' dir='ltr'><em>ὡς</em></span> 
     </span>
     <span class='ocr_line' id='line_1_16' title="bbox 133 1623 1142 1712; baseline -0.001 -22"><span class='ocrx_word' id='word_1_118' title='bbox 133 1623 194 1710; x_wconf 78' lang='grc' dir='ltr'><em>χρή</em></span> <span class='ocrx_word' id='word_1_119' title='bbox 211 1649 251 1708; x_wconf 89' lang='grc' dir='ltr'><em>με</em></span> <span class='ocrx_word' id='word_1_120' title='bbox 269 1629 387 1707; x_wconf 85' lang='grc' dir='ltr'><em>είπείν,</em></span> <span class='ocrx_word' id='word_1_121' title='bbox 411 1629 521 1693; x_wconf 80' lang='grc' dir='ltr'><em>ἔπειτα</em></span> <span class='ocrx_word' id='word_1_122' title='bbox 538 1631 650 1693; x_wconf 79' lang='grc' dir='ltr'><em>είπείυ,</em></span> <span class='ocrx_word' id='word_1_123' title='bbox 686 1630 824 1692; x_wconf 78' lang='grc' dir='ltr'><em>δοκοῦσι</em></span> <span class='ocrx_word' id='word_1_124' title='bbox 834 1624 898 1712; x_wconf 91' lang='grc' dir='ltr'><em>γάρ</em></span> <span class='ocrx_word' id='word_1_125' title='bbox 910 1650 966 1710; x_wconf 91' lang='grc' dir='ltr'><em>μοι</em></span> <span class='ocrx_word' id='word_1_126' title='bbox 977 1624 1099 1702; x_wconf 88' lang='grc' dir='ltr'><em>πάντες</em></span> <span class='ocrx_word' id='word_1_127' title='bbox 1109 1626 1142 1690; x_wconf 88' lang='grc' dir='ltr'><em>σί</em></span> 
     </span>
     <span class='ocr_line' id='line_1_17' title="bbox 133 1718 1140 1808; baseline 0 -21"><span class='ocrx_word' id='word_1_128' title='bbox 133 1721 286 1803; x_wconf 88' lang='grc' dir='ltr'><em>πρόσθεν</em></span> <span class='ocrx_word' id='word_1_129' title='bbox 303 1722 469 1808; x_wconf 77' lang='grc' dir='ltr'><em>εἰρηκότες</em></span> <span class='ocrx_word' id='word_1_130' title='bbox 487 1723 528 1790; x_wconf 90' lang='grc' dir='ltr'><em>ού</em></span> <span class='ocrx_word' id='word_1_131' title='bbox 545 1721 605 1790; x_wconf 91' lang='grc' dir='ltr'><em>τὸν</em></span> <span class='ocrx_word' id='word_1_132' title='bbox 616 1721 701 1791; x_wconf 89' lang='grc' dir='ltr'><em>θεὸν</em></span> <span class='ocrx_word' id='word_1_133' title='bbox 712 1723 941 1808; x_wconf 79' lang='grc' dir='ltr'><em>ἐγκωμιάζειν,</em></span> <span class='ocrx_word' id='word_1_134' title='bbox 966 1719 1050 1789; x_wconf 84' lang='grc' dir='ltr'><em>άλλά</em></span> <span class='ocrx_word' id='word_1_135' title='bbox 1062 1718 1140 1800; x_wconf 82' lang='grc' dir='ltr'><em>τούς</em></span> 
     </span>
     <span class='ocr_line' id='line_1_18' title="bbox 133 1812 1140 1906; baseline 0.001 -21"><span class='ocrx_word' id='word_1_136' title='bbox 133 1817 338 1900; x_wconf 76' lang='grc' dir='ltr'><em>άνθροὸπους</em></span> <span class='ocrx_word' id='word_1_137' title='bbox 358 1819 596 1906; x_wconf 82' lang='grc' dir='ltr'><em>εὐδαιμονίζειν</em></span> <span class='ocrx_word' id='word_1_138' title='bbox 612 1830 680 1889; x_wconf 72' lang='grc' dir='ltr'><em>τοῖν</em></span> <span class='ocrx_word' id='word_1_139' title='bbox 693 1821 833 1906; x_wconf 79' lang='grc' dir='ltr'><em>άγαθων</em></span> <span class='ocrx_word' id='word_1_140' title='bbox 846 1812 894 1888; x_wconf 78' lang='grc' dir='ltr'><em>οὸν</em></span> <span class='ocrx_word' id='word_1_141' title='bbox 905 1818 923 1887; x_wconf 94' lang='grc' dir='ltr'><em>ὁ</em></span> <span class='ocrx_word' id='word_1_142' title='bbox 935 1818 1017 1899; x_wconf 87' lang='grc' dir='ltr'><em>θεὸς</em></span> <span class='ocrx_word' id='word_1_143' title='bbox 1028 1820 1140 1897; x_wconf 84' lang='grc' dir='ltr'><em>αύτοίς</em></span> 
     </span>
    </p>

    <p class='ocr_par' dir='ltr' id='par_1_6' title="bbox 65 1915 1144 2787">
     <span class='ocr_line' id='line_1_19' title="bbox 65 1915 1141 2005; baseline 0.001 -21"><span class='ocrx_word' id='word_1_144' title='bbox 65 1929 117 1986; x_wconf 79' lang='lat'><em>195</em></span> <span class='ocrx_word' id='word_1_145' title='bbox 134 1926 250 1995; x_wconf 86' lang='grc' dir='ltr'><em>αίτιος·</em></span> <span class='ocrx_word' id='word_1_146' title='bbox 274 1917 386 1996; x_wconf 78' lang='grc' dir='ltr'><em>ὁποῖος</em></span> <span class='ocrx_word' id='word_1_147' title='bbox 404 1922 442 1986; x_wconf 83' lang='grc' dir='ltr'><em>δέ</em></span> <span class='ocrx_word' id='word_1_148' title='bbox 456 1945 504 1997; x_wconf 88' lang='grc' dir='ltr'><em>τις</em></span> <span class='ocrx_word' id='word_1_149' title='bbox 514 1917 616 1998; x_wconf 88' lang='grc' dir='ltr'><em>αύτὸς</em></span> <span class='ocrx_word' id='word_1_150' title='bbox 627 1915 676 1986; x_wconf 74' lang='grc' dir='ltr'><em>οὸν</em></span> <span class='ocrx_word' id='word_1_151' title='bbox 687 1926 791 1986; x_wconf 84' lang='grc' dir='ltr'><em>ταῦτα</em></span> <span class='ocrx_word' id='word_1_152' title='bbox 803 1918 1008 2005; x_wconf 83' lang='grc' dir='ltr'><em>ἐδωρήσατο,</em></span> <span class='ocrx_word' id='word_1_153' title='bbox 1031 1917 1141 1996; x_wconf 71' lang='grc' dir='ltr'><em>οὐδεὶς</em></span> 
     </span>
     <span class='ocr_line' id='line_1_20' title="bbox 134 2011 1142 2103; baseline -0.001 -18"><span class='ocrx_word' id='word_1_154' title='bbox 134 2026 274 2102; x_wconf 75' lang='grc' dir='ltr'><em>εἴρηκεν.</em></span> <span class='ocrx_word' id='word_1_155' title='bbox 306 2011 352 2095; x_wconf 84' lang='grc' dir='ltr'><em>εἷς</em></span> <span class='ocrx_word' id='word_1_156' title='bbox 370 2017 405 2085; x_wconf 80' lang='grc' dir='ltr'><em>δὲ</em></span> <span class='ocrx_word' id='word_1_157' title='bbox 421 2018 542 2103; x_wconf 81' lang='grc' dir='ltr'><em>τρόπος</em></span> <span class='ocrx_word' id='word_1_158' title='bbox 559 2015 663 2102; x_wconf 86' lang='grc' dir='ltr'><em>ὀρθός</em></span> <span class='ocrx_word' id='word_1_159' title='bbox 680 2016 802 2096; x_wconf 85' lang='grc' dir='ltr'><em>παντὸς</em></span> <span class='ocrx_word' id='word_1_160' title='bbox 818 2020 957 2085; x_wconf 85' lang='grc' dir='ltr'><em>ἐπαίνου</em></span> <span class='ocrx_word' id='word_1_161' title='bbox 968 2017 1043 2102; x_wconf 79' lang='grc' dir='ltr'><em>περὶ</em></span> <span class='ocrx_word' id='word_1_162' title='bbox 1054 2040 1142 2084; x_wconf 89' lang='grc' dir='ltr'><em>παυ-</em></span> 
     </span>
     <span class='ocr_line' id='line_1_21' title="bbox 132 2102 1139 2201; baseline 0.001 -22"><span class='ocrx_word' id='word_1_163' title='bbox 132 2115 204 2197; x_wconf 86' lang='grc' dir='ltr'><em>τός,</em></span> <span class='ocrx_word' id='word_1_164' title='bbox 229 2112 316 2201; x_wconf 83' lang='grc' dir='ltr'><em>λόγῳ</em></span> <span class='ocrx_word' id='word_1_165' title='bbox 329 2119 491 2201; x_wconf 74' lang='grc' dir='ltr'><em>διελθεῖν,</em></span> <span class='ocrx_word' id='word_1_166' title='bbox 504 2109 572 2193; x_wconf 82' lang='grc' dir='ltr'><em>οἷος</em></span> <span class='ocrx_word' id='word_1_167' title='bbox 583 2120 663 2182; x_wconf 83' lang='grc' dir='ltr'><em>οίων</em></span> <span class='ocrx_word' id='word_1_168' title='bbox 674 2124 776 2194; x_wconf 86' lang='grc' dir='ltr'><em>αίτιος</em></span> <span class='ocrx_word' id='word_1_169' title='bbox 787 2110 836 2182; x_wconf 79' lang='grc' dir='ltr'><em>τόν</em></span> <span class='ocrx_word' id='word_1_170' title='bbox 847 2113 1001 2201; x_wconf 84' lang='grc' dir='ltr'><em>τυγχάνει</em></span> <span class='ocrx_word' id='word_1_171' title='bbox 1011 2116 1087 2200; x_wconf 83' lang='grc' dir='ltr'><em>περὶ</em></span> <span class='ocrx_word' id='word_1_172' title='bbox 1098 2102 1139 2182; x_wconf 72' lang='grc' dir='ltr'><em>ού</em></span> 
     </span>
     <span class='ocr_line' id='line_1_22' title="bbox 133 2205 1139 2300; baseline -0.001 -21"><span class='ocrx_word' id='word_1_173' title='bbox 133 2209 177 2279; x_wconf 84' lang='grc' dir='ltr'><em>άν</em></span> <span class='ocrx_word' id='word_1_174' title='bbox 189 2209 207 2279; x_wconf 95' lang='grc' dir='ltr'><em>ὁ</em></span> <span class='ocrx_word' id='word_1_175' title='bbox 220 2211 318 2297; x_wconf 82' lang='grc' dir='ltr'><em>λόγος</em></span> <span class='ocrx_word' id='word_1_176' title='bbox 328 2205 359 2300; x_wconf 78' lang='grc' dir='ltr'><em>ᾗ.</em></span> <span class='ocrx_word' id='word_1_177' title='bbox 387 2210 474 2280; x_wconf 78' lang='grc' dir='ltr'><em>οὕτω</em></span> <span class='ocrx_word' id='word_1_178' title='bbox 487 2211 526 2299; x_wconf 76' lang='grc' dir='ltr'><em>δὴ</em></span> <span class='ocrx_word' id='word_1_179' title='bbox 538 2211 598 2281; x_wconf 90' lang='grc' dir='ltr'><em>τὸν</em></span> <span class='ocrx_word' id='word_1_180' title='bbox 605 2211 732 2296; x_wconf 81' lang='grc' dir='ltr'><em>Ἔρωτα</em></span> <span class='ocrx_word' id='word_1_181' title='bbox 744 2216 799 2279; x_wconf 79' lang='grc' dir='ltr'><em>καὶ</em></span> <span class='ocrx_word' id='word_1_182' title='bbox 811 2209 896 2298; x_wconf 80' lang='grc' dir='ltr'><em>ἡμεῖς</em></span> <span class='ocrx_word' id='word_1_183' title='bbox 907 2216 1036 2279; x_wconf 88' lang='grc' dir='ltr'><em>δίκαιον</em></span> <span class='ocrx_word' id='word_1_184' title='bbox 1046 2213 1139 2278; x_wconf 81' lang='grc' dir='ltr'><em>ἐπαι-</em></span> 
     </span>
     <span class='ocr_line' id='line_1_23' title="bbox 134 2306 1142 2396; baseline -0.004 -17"><span class='ocrx_word' id='word_1_185' title='bbox 134 2314 228 2379; x_wconf 89' lang='grc' dir='ltr'><em>νέσαι</em></span> <span class='ocrx_word' id='word_1_186' title='bbox 245 2319 378 2396; x_wconf 73' lang='grc' dir='ltr'><em>πρῶτον</em></span> <span class='ocrx_word' id='word_1_187' title='bbox 396 2309 498 2379; x_wconf 88' lang='grc' dir='ltr'><em>αύτὸν</em></span> <span class='ocrx_word' id='word_1_188' title='bbox 516 2306 584 2390; x_wconf 80' lang='grc' dir='ltr'><em>οἷός</em></span> <span class='ocrx_word' id='word_1_189' title='bbox 595 2315 700 2395; x_wconf 84' lang='grc' dir='ltr'><em>ἐστιν,</em></span> <span class='ocrx_word' id='word_1_190' title='bbox 723 2316 833 2377; x_wconf 80' lang='grc' dir='ltr'><em>ἔπειτα</em></span> <span class='ocrx_word' id='word_1_191' title='bbox 844 2309 1027 2388; x_wconf 85' lang='grc' dir='ltr'><em>τάςδόσεις.</em></span> <span class='ocrx_word' id='word_1_192' title='bbox 1056 2310 1142 2394; x_wconf 83' lang='grc' dir='ltr'><em>φημὶ</em></span> 
     </span>
     <span class='ocr_line' id='line_1_24' title="bbox 134 2403 1144 2497; baseline -0.006 -18"><span class='ocrx_word' id='word_1_193' title='bbox 134 2403 198 2479; x_wconf 85' lang='grc' dir='ltr'><em>ούυ</em></span> <span class='ocrx_word' id='word_1_194' title='bbox 209 2407 273 2497; x_wconf 79' lang='grc' dir='ltr'><em>έγοὸ</em></span> <span class='ocrx_word' id='word_1_195' title='bbox 286 2411 423 2480; x_wconf 86' lang='grc' dir='ltr'><em>πάντων</em></span> <span class='ocrx_word' id='word_1_196' title='bbox 432 2417 525 2480; x_wconf 78' lang='grc' dir='ltr'><em>θεῶν</em></span> <span class='ocrx_word' id='word_1_197' title='bbox 536 2408 747 2495; x_wconf 85' lang='grc' dir='ltr'><em>εὐδαιμόνων</em></span> <span class='ocrx_word' id='word_1_198' title='bbox 757 2403 1016 2492; x_wconf 76' lang='grc' dir='ltr'><em>όντώνἝρωτα,</em></span> <span class='ocrx_word' id='word_1_199' title='bbox 1041 2412 1072 2474; x_wconf 87' lang='grc' dir='ltr'><em>εί</em></span> <span class='ocrx_word' id='word_1_200' title='bbox 1081 2408 1144 2474; x_wconf 82' lang='grc' dir='ltr'><em>θέ-</em></span> 
     </span>
     <span class='ocr_line' id='line_1_25' title="bbox 134 2502 1143 2595; baseline -0.004 -19"><span class='ocrx_word' id='word_1_201' title='bbox 134 2536 188 2595; x_wconf 94' lang='grc' dir='ltr'><em>μις</em></span> <span class='ocrx_word' id='word_1_202' title='bbox 200 2512 254 2576; x_wconf 79' lang='grc' dir='ltr'><em>καὶ</em></span> <span class='ocrx_word' id='word_1_203' title='bbox 266 2505 468 2595; x_wconf 80' lang='grc' dir='ltr'><em>άνεμέσητον</em></span> <span class='ocrx_word' id='word_1_204' title='bbox 479 2514 597 2593; x_wconf 79' lang='grc' dir='ltr'><em>εἰπεῖν,</em></span> <span class='ocrx_word' id='word_1_205' title='bbox 616 2506 913 2593; x_wconf 80' lang='grc' dir='ltr'><em>εὐδαιμονέστατον</em></span> <span class='ocrx_word' id='word_1_206' title='bbox 923 2504 1006 2572; x_wconf 78' lang='grc' dir='ltr'><em>εἶναι</em></span> <span class='ocrx_word' id='word_1_207' title='bbox 1018 2502 1143 2588; x_wconf 77' lang='grc' dir='ltr'><em>αὐτῶν,</em></span> 
     </span>
     <span class='ocr_line' id='line_1_26' title="bbox 136 2596 1138 2688; baseline -0.005 -16"><span class='ocrx_word' id='word_1_208' title='bbox 136 2605 314 2672; x_wconf 87' lang='grc' dir='ltr'><em>κάλλιστον</em></span> <span class='ocrx_word' id='word_1_209' title='bbox 333 2603 414 2673; x_wconf 83' lang='grc' dir='ltr'><em>ὄντα</em></span> <span class='ocrx_word' id='word_1_210' title='bbox 431 2609 485 2672; x_wconf 77' lang='grc' dir='ltr'><em>καὶ</em></span> <span class='ocrx_word' id='word_1_211' title='bbox 502 2605 647 2688; x_wconf 87' lang='grc' dir='ltr'><em>άριστον.</em></span> <span class='ocrx_word' id='word_1_212' title='bbox 681 2609 749 2670; x_wconf 80' lang='grc' dir='ltr'><em>ἔστι</em></span> <span class='ocrx_word' id='word_1_213' title='bbox 767 2601 803 2669; x_wconf 71' lang='grc' dir='ltr'><em>δὲ</em></span> <span class='ocrx_word' id='word_1_214' title='bbox 819 2602 993 2680; x_wconf 91' lang='grc' dir='ltr'><em>κάλλιστος</em></span> <span class='ocrx_word' id='word_1_215' title='bbox 1012 2596 1061 2668; x_wconf 58' lang='lat' dir='ltr'><em>&amp;v</em></span> <span class='ocrx_word' id='word_1_216' title='bbox 1072 2625 1138 2668; x_wconf 73' lang='lat' dir='ltr'><em>vot·</em></span> 
     </span>
     <span class='ocr_line' id='line_1_27' title="bbox 137 2692 1142 2787; baseline -0.001 -19"><span class='ocrx_word' id='word_1_217' title='bbox 137 2701 225 2768; x_wconf 88' lang='grc' dir='ltr'><em>όσδε.</em></span> <span class='ocrx_word' id='word_1_218' title='bbox 258 2703 469 2787; x_wconf 69' lang='grc' dir='ltr'><em>πρῶτονμὲν</em></span> <span class='ocrx_word' id='word_1_219' title='bbox 487 2701 649 2779; x_wconf 77' lang='grc' dir='ltr'><em>νεώτατος</em></span> <span class='ocrx_word' id='word_1_220' title='bbox 665 2706 773 2784; x_wconf 72' lang='grc' dir='ltr'><em>θεῶν,</em></span> <span class='ocrx_word' id='word_1_221' title='bbox 796 2692 973 2786; x_wconf 80' lang='grc' dir='ltr'><em>ύΦαίδρε.</em></span> <span class='ocrx_word' id='word_1_222' title='bbox 1006 2703 1091 2785; x_wconf 87' lang='grc' dir='ltr'><em>μέγα</em></span> <span class='ocrx_word' id='word_1_223' title='bbox 1107 2698 1142 2767; x_wconf 61' lang='grc' dir='ltr'><em>δὲ</em></span> 
     </span>
    </p>

    <p class='ocr_par' dir='ltr' id='par_1_7' title="bbox 99 2797 1146 3480">
     <span class='ocr_line' id='line_1_28' title="bbox 99 2797 1143 2888; baseline -0.003 -21"><span class='ocrx_word' id='word_1_224' title='bbox 99 2818 119 2867; x_wconf 85' lang='grc' dir='ltr'><strong>Β</strong></span> <span class='ocrx_word' id='word_1_225' title='bbox 137 2799 314 2885; x_wconf 80' lang='grc' dir='ltr'><em>τεκμήριον</em></span> <span class='ocrx_word' id='word_1_226' title='bbox 337 2806 383 2886; x_wconf 77' lang='grc' dir='ltr'><em>τῷ</em></span> <span class='ocrx_word' id='word_1_227' title='bbox 404 2799 493 2888; x_wconf 84' lang='grc' dir='ltr'><em>λόγῳ</em></span> <span class='ocrx_word' id='word_1_228' title='bbox 511 2797 612 2878; x_wconf 86' lang='grc' dir='ltr'><em>αύτὸς</em></span> <span class='ocrx_word' id='word_1_229' title='bbox 631 2801 818 2884; x_wconf 83' lang='grc' dir='ltr'><em>παρέχεται,</em></span> <span class='ocrx_word' id='word_1_230' title='bbox 842 2798 978 2882; x_wconf 86' lang='grc' dir='ltr'><em>φεύγων</em></span> <span class='ocrx_word' id='word_1_231' title='bbox 996 2802 1089 2883; x_wconf 81' lang='grc' dir='ltr'><em>φυγῇ</em></span> <span class='ocrx_word' id='word_1_232' title='bbox 1105 2798 1143 2864; x_wconf 90' lang='grc' dir='ltr'><em>τὸ</em></span> 
     </span>
     <span class='ocr_line' id='line_1_29' title="bbox 136 2891 1145 2983; baseline -0.001 -20"><span class='ocrx_word' id='word_1_233' title='bbox 136 2905 254 2983; x_wconf 82' lang='grc' dir='ltr'><em>γῆρας,</em></span> <span class='ocrx_word' id='word_1_234' title='bbox 268 2893 349 2980; x_wconf 84' lang='grc' dir='ltr'><em>ταχύ</em></span> <span class='ocrx_word' id='word_1_235' title='bbox 363 2892 404 2963; x_wconf 86' lang='grc' dir='ltr'><em>όν</em></span> <span class='ocrx_word' id='word_1_236' title='bbox 415 2901 517 2982; x_wconf 86' lang='grc' dir='ltr'><em>δῆλον</em></span> <span class='ocrx_word' id='word_1_237' title='bbox 528 2896 593 2964; x_wconf 87' lang='grc' dir='ltr'><em>ὁτι·</em></span> <span class='ocrx_word' id='word_1_238' title='bbox 618 2903 744 2963; x_wconf 84' lang='grc' dir='ltr'><em>θᾶττον</em></span> <span class='ocrx_word' id='word_1_239' title='bbox 753 2901 838 2980; x_wconf 87' lang='grc' dir='ltr'><em>γοῦν</em></span> <span class='ocrx_word' id='word_1_240' title='bbox 848 2901 909 2963; x_wconf 84' lang='grc' dir='ltr'><em>τού</em></span> <span class='ocrx_word' id='word_1_241' title='bbox 922 2895 1054 2974; x_wconf 84' lang='grc' dir='ltr'><em>δέοντος</em></span> <span class='ocrx_word' id='word_1_242' title='bbox 1063 2891 1145 2982; x_wconf 75' lang='grc' dir='ltr'><em>ἡμῖν</em></span> 
     </span>
     <span class='ocr_line' id='line_1_30' title="bbox 137 2991 1146 3081; baseline -0.001 -18"><span class='ocrx_word' id='word_1_243' title='bbox 137 2997 358 3081; x_wconf 85' lang='grc' dir='ltr'><em>προσέρχεται.</em></span> <span class='ocrx_word' id='word_1_244' title='bbox 392 2991 412 3062; x_wconf 88' lang='grc' dir='ltr'><em>ὁ</em></span> <span class='ocrx_word' id='word_1_245' title='bbox 432 2992 472 3080; x_wconf 83' lang='grc' dir='ltr'><em>δὴ</em></span> <span class='ocrx_word' id='word_1_246' title='bbox 490 2997 639 3080; x_wconf 83' lang='grc' dir='ltr'><em>πέφυκεν</em></span> <span class='ocrx_word' id='word_1_247' title='bbox 646 2994 751 3080; x_wconf 83' lang='grc' dir='ltr'><em>Ἔρως</em></span> <span class='ocrx_word' id='word_1_248' title='bbox 766 3007 873 3079; x_wconf 81' lang='grc' dir='ltr'><em>μισεῖν</em></span> <span class='ocrx_word' id='word_1_249' title='bbox 889 2997 944 3061; x_wconf 78' lang='grc' dir='ltr'><em>καί</em></span> <span class='ocrx_word' id='word_1_250' title='bbox 962 2991 1037 3061; x_wconf 84' lang='grc' dir='ltr'><em>οὐδ’</em></span> <span class='ocrx_word' id='word_1_251' title='bbox 1050 2991 1146 3072; x_wconf 86' lang='grc' dir='ltr'><em>έντὸς</em></span> 
     </span>
     <span class='ocr_line' id='line_1_31' title="bbox 138 3090 1144 3180; baseline -0.002 -18"><span class='ocrx_word' id='word_1_252' title='bbox 138 3101 263 3164; x_wconf 86' lang='grc' dir='ltr'><em>πολλοῦ</em></span> <span class='ocrx_word' id='word_1_253' title='bbox 274 3092 472 3180; x_wconf 79' lang='grc' dir='ltr'><em>πλησιάζειν.</em></span> <span class='ocrx_word' id='word_1_254' title='bbox 494 3090 576 3180; x_wconf 88' lang='grc' dir='ltr'><em>μετά</em></span> <span class='ocrx_word' id='word_1_255' title='bbox 587 3097 623 3161; x_wconf 76' lang='grc' dir='ltr'><em>δὲ</em></span> <span class='ocrx_word' id='word_1_256' title='bbox 633 3096 721 3161; x_wconf 90' lang='grc' dir='ltr'><em>νέων</em></span> <span class='ocrx_word' id='word_1_257' title='bbox 730 3090 779 3161; x_wconf 82' lang='grc' dir='ltr'><em>άελ</em></span> <span class='ocrx_word' id='word_1_258' title='bbox 790 3090 924 3172; x_wconf 85' lang='grc' dir='ltr'><em>ξύνεστί</em></span> <span class='ocrx_word' id='word_1_259' title='bbox 930 3118 964 3159; x_wconf 85' lang='grc' dir='ltr'><em>τε</em></span> <span class='ocrx_word' id='word_1_260' title='bbox 974 3094 1029 3160; x_wconf 81' lang='grc' dir='ltr'><em>καὶ</em></span> <span class='ocrx_word' id='word_1_261' title='bbox 1039 3097 1144 3160; x_wconf 81' lang='grc' dir='ltr'><em>ἔστιν·</em></span> 
     </span>
     <span class='ocr_line' id='line_1_32' title="bbox 138 3185 1144 3282; baseline -0.002 -22"><span class='ocrx_word' id='word_1_262' title='bbox 138 3191 156 3260; x_wconf 93' lang='grc' dir='ltr'><em>ὁ</em></span> <span class='ocrx_word' id='word_1_263' title='bbox 174 3192 238 3278; x_wconf 83' lang='grc' dir='ltr'><em>γάρ</em></span> <span class='ocrx_word' id='word_1_264' title='bbox 256 3191 394 3273; x_wconf 90' lang='grc' dir='ltr'><em>παλαιός</em></span> <span class='ocrx_word' id='word_1_265' title='bbox 410 3193 508 3280; x_wconf 91' lang='grc' dir='ltr'><em>λόγος</em></span> <span class='ocrx_word' id='word_1_266' title='bbox 525 3185 565 3261; x_wconf 90' lang='grc' dir='ltr'><em>εύ</em></span> <span class='ocrx_word' id='word_1_267' title='bbox 576 3197 655 3279; x_wconf 83' lang='grc' dir='ltr'><em>ἔχει,</em></span> <span class='ocrx_word' id='word_1_268' title='bbox 679 3188 724 3271; x_wconf 80' lang='grc' dir='ltr'><em>ὡς</em></span> <span class='ocrx_word' id='word_1_269' title='bbox 735 3189 853 3278; x_wconf 85' lang='grc' dir='ltr'><em>ὅμοιον</em></span> <span class='ocrx_word' id='word_1_270' title='bbox 863 3187 966 3282; x_wconf 80' lang='grc' dir='ltr'><em>ὁμοίῳ</em></span> <span class='ocrx_word' id='word_1_271' title='bbox 979 3189 1030 3260; x_wconf 80' lang='grc' dir='ltr'><em>άεὶ</em></span> <span class='ocrx_word' id='word_1_272' title='bbox 1041 3191 1144 3259; x_wconf 88' lang='grc' dir='ltr'><em>πελά-</em></span> 
     </span>
     <span class='ocr_line' id='line_1_33' title="bbox 140 3286 1145 3384; baseline -0.002 -24"><span class='ocrx_word' id='word_1_273' title='bbox 140 3297 193 3372; x_wconf 88' lang='grc' dir='ltr'><em>ζει.</em></span> <span class='ocrx_word' id='word_1_274' title='bbox 217 3291 279 3376; x_wconf 73' lang='grc' dir='ltr'><em>έγοὸ</em></span> <span class='ocrx_word' id='word_1_275' title='bbox 291 3293 326 3362; x_wconf 77' lang='grc' dir='ltr'><em>δὲ</em></span> <span class='ocrx_word' id='word_1_276' title='bbox 337 3298 472 3384; x_wconf 79' lang='grc' dir='ltr'><em>Φαίδρῳ</em></span> <span class='ocrx_word' id='word_1_277' title='bbox 483 3290 587 3361; x_wconf 79' lang='grc' dir='ltr'><em>πολλὰ</em></span> <span class='ocrx_word' id='word_1_278' title='bbox 601 3291 685 3360; x_wconf 85' lang='grc' dir='ltr'><em>άλλα</em></span> <span class='ocrx_word' id='word_1_279' title='bbox 696 3288 869 3376; x_wconf 73' lang='grc' dir='ltr'><em>ὁμολογῶν</em></span> <span class='ocrx_word' id='word_1_280' title='bbox 880 3296 978 3358; x_wconf 78' lang='grc' dir='ltr'><em>τοῦτο</em></span> <span class='ocrx_word' id='word_1_281' title='bbox 989 3286 1051 3375; x_wconf 81' lang='grc' dir='ltr'><em>ούχ</em></span> <span class='ocrx_word' id='word_1_282' title='bbox 1063 3286 1145 3377; x_wconf 84' lang='grc' dir='ltr'><em>ὁμο·</em></span> 
     </span>
     <span class='ocr_line' id='line_1_34' title="bbox 140 3385 1142 3480; baseline -0.006 -20"><span class='ocrx_word' id='word_1_283' title='bbox 140 3398 245 3476; x_wconf 81' lang='grc' dir='ltr'><em>λαγῶ,</em></span> <span class='ocrx_word' id='word_1_284' title='bbox 270 3387 420 3476; x_wconf 78' lang='grc' dir='ltr'><em>ὡς’Ἑρως</em></span> <span class='ocrx_word' id='word_1_285' title='bbox 430 3394 567 3480; x_wconf 88' lang='grc' dir='ltr'><em>Κρόνον</em></span> <span class='ocrx_word' id='word_1_286' title='bbox 585 3391 641 3460; x_wconf 79' lang='grc' dir='ltr'><em>καὶ</em></span> <span class='ocrx_word' id='word_1_287' title='bbox 655 3387 801 3459; x_wconf 80' lang='grc' dir='ltr'><em>Ἰαπετοῦ</em></span> <span class='ocrx_word' id='word_1_288' title='bbox 817 3385 1031 3476; x_wconf 82' lang='grc' dir='ltr'><em>άρχαιότερός</em></span> <span class='ocrx_word' id='word_1_289' title='bbox 1042 3389 1142 3474; x_wconf 82' lang='grc' dir='ltr'><em>ἐστιν,</em></span> 
     </span>
    </p>
   </div>
   <div class='ocr_carea' id='block_1_4' title="bbox 0 0 1219 3780">
    <p class='ocr_par' dir='ltr' id='par_1_8' title="bbox 0 0 1219 3780">
     <span class='ocr_line' id='line_1_35' title="bbox 0 0 1219 3780; baseline 0 0"><span class='ocrx_word' id='word_1_290' title='bbox 0 0 1219 3780; x_wconf 95' lang='lat' dir='ltr'><em> </em></span> 
     </span>
    </p>
   </div>
  </div>
 </body>
</html>
