2408 3780
450 138 686 197 ΦΙΛΗΒΟΣ.
1011 139 1073 203 119

65 298 245 381 τοιούτων,
266 293 328 366 δσα
339 298 467 382 γένεσις
483 298 622 379 ἐξιοῖται,
643 301 794 382 χαίρουσι
805 297 859 366 διὰ
869 297 931 386 τὴν
941 303 1072 385 γένεσιν

65 393 122 463 ἀτε
136 391 260 482 ἡδονῆς
277 390 379 478 οὔσης
396 390 512 478 αὐτῆς,
536 400 595 461 καί
607 412 688 478 φασι
705 399 762 481 ζῇν
782 393 842 462 ούκ
859 391 902 463 ἀν
915 401 1071 477 δέξασθαι

65 489 109 579 μὴ
123 493 283 572 διφῶντές
293 516 327 558 τε
339 492 393 558 καὶ
405 498 583 570 πεινῶντες
597 492 651 558 καί
668 483 785 578 τάλλα,
809 491 832 559 ἀ
848 519 894 572 τις
913 488 956 561 ἀν
974 505 1069 581 εἴποι,

66 589 174 656 πάντα
186 586 225 654 τά
238 587 381 673 ἑπόμενα
392 600 460 666 τοῖς
469 589 630 667 τοιούτοις
641 589 814 676 παθήμασι
825 590 868 677 μή
881 593 1068 678 πάσχοντες,

149 689 250 752 Hm.
266 681 421 781 ’Ἐοίκασι
433 692 526 769 γούν.
1087 710 1122 762 55

149 789 223 852 ΣΩ.
260 780 396 851 Οὐκοῦν
412 789 457 871 τῷ
470 789 643 868 γίγνεσθαι
660 781 857 853 τούναντίον
873 786 1014 867 ἅπαντες
1034 790 1069 856 τὸ

65 887 267 967 φθείρεσθαι
279 894 400 966 φαῖμεν
412 879 462 947 ἀν.

149 986 250 1051 Hm.
282 977 484 1064 Ἀναγκαῖον.

150 1082 223 1144 ΣΩ.
271 1074 340 1163 Τὴν
362 1074 401 1162 δὴ
429 1072 566 1161 φθορὰν
586 1080 641 1144 καί
665 1080 795 1162 γένεσιν
817 1078 933 1162 αίροῑτ’
959 1079 1002 1148 ἀν
1023 1107 1071 1158 τις

65 1173 164 1243 τοῦθ’
177 1175 384 1259 αἱρούμενος,
397 1171 468 1241 ἀλλ’
481 1171 522 1241 ού
534 1172 592 1241 τὸν
604 1181 714 1261 τρίτον
725 1178 851 1244 ἐκεῖνον
862 1183 953 1263 βίον,
965 1176 1024 1245 τόν
1035 1181 1071 1245 ἐν

64 1263 183 1363 ᾦμήτε
199 1278 325 1357 χαίρειν
341 1271 421 1358 μήτε
439 1279 631 1356 λυπεῖσθαι,
651 1285 790 1357 φρονεῖν
803 1269 834 1340 δ’
848 1265 890 1358 ἦν
901 1273 1069 1359 [δυνατὸν]

66 1367 110 1448 ὡς
122 1365 240 1437 οἷόντε
252 1368 480 1453 καθαρώτατα.

149 1473 251 1535 ΠΡΩ.
284 1467 400 1552 Πολλή
411 1492 474 1549 τις,
498 1463 542 1545 ὡς
554 1472 678 1552 ἔοικεν,
702 1460 930 1552 ύΣιίκρατες,
953 1465 1070 1553 ἀλογία

67 1569 242 1651 συμβαίνει
252 1573 442 1649 γίγνεσθαι,
455 1563 514 1630 ἐάν
525 1589 573 1641 τις
584 1563 647 1649 τὴν
656 1560 783 1650 ἡδονὴν
794 1562 838 1642 ὡς
847 1562 978 1649 ἀγαθὸν
991 1563 1069 1650 ἡμῖν

66 1669 206 1748 τιθῆται.

150 1763 224 1826 252.
257 1758 386 1845 Πολλή,
399 1760 465 1826 ἐπεὶ
478 1760 533 1827 καὶ
543 1762 620 1846 τῇδε
632 1764 678 1826 ἔτι
689 1759 843 1844 λέγωμεν.

148 1863 250 1924 ΠΡάδ.
279 1863 352 1945 Πῇς

149 1959 225 2022 ΣΩ.
254 1959 333 2032 Πῶς
346 1952 406 2022 ούκ
425 1954 548 2040 ἀλογόν
559 1958 626 2022 ἐστι
635 1955 739 2040 μηδὲν
750 1951 882 2040 ἀγαθὸν
894 1954 976 2023 εἶναι
988 1959 1069 2042 μηδὲ
1088 1972 1110 2021 Β

65 2049 170 2120 καλὸν
189 2051 269 2138 μήτε
289 2054 325 2118 ἐν
347 2051 473 2139 σώμασι
496 2051 571 2139 μήτ’
597 2055 632 2119 ἐν
655 2059 787 2132 πολλοῖς
805 2051 915 2134 ἀλλοις
931 2052 1017 2142 πλὴν
1035 2058 1071 2121 ἐν

66 2157 170 2237 ψυχῇ,
189 2151 243 2217 καὶ
255 2152 401 2218 ἐνταῦθα
412 2146 539 2237 ἡδονὴν
549 2148 673 2236 μόνον,
685 2146 842 2233 ἀνδρείαν
857 2153 892 2220 δὲ
902 2147 924 2238 ἦ
936 2170 1072 2238 σωφρο-

65 2247 174 2334 σύνην
189 2242 212 2333 ἢ
228 2254 313 2314 νοῦν
330 2247 353 2334 ἤ
371 2275 401 2315 τι
419 2256 487 2316 τῶν
504 2247 631 2333 ἀλλων,
651 2246 713 2315 ὅσα
726 2246 837 2334 ἀγαθά
851 2258 956 2335 είληχε
971 2251 1070 2337 ψυχή,

64 2344 167 2431 μηδὲν
187 2353 339 2413 τοιοῦτον
362 2344 462 2426 εἷναι;
485 2343 568 2431 πρὸς
589 2346 719 2425 τούτοις
741 2346 775 2414 δὲ
797 2352 844 2415 ἔτι
860 2347 920 2416 τὸν
937 2345 981 2433 μὴ
999 2354 1072 2432 χαί-

64 2466 177 2528 ροντα,
189 2441 355 2527 ἀλγοῦντα
365 2448 410 2528 δέ,
422 2442 666 2529 ἀναγκάζεσθαι
677 2445 781 2529 φάναι
789 2444 894 2513 κακὸν
904 2445 987 2513 εἶναι
996 2446 1070 2512 τότε

64 2539 146 2608 ὅταν
157 2537 242 2628 ἀλγῇ
248 2591 257 2625 ,
280 2535 519 2630 κάνῇἀριστος
537 2543 688 2627 πάντων,
711 2545 766 2610 καὶ
777 2541 837 2610 τὸν
847 2550 1002 2630 χαίροντα
1015 2535 1069 2624 αὖ,

63 2635 131 2728 ὅσῳ
143 2647 271 2725 μᾶλλον
281 2646 401 2726 χαίρει,
422 2640 495 2708 τότε
507 2638 588 2708 ὅταν
604 2647 716 2728 χαίρῃ,
734 2639 881 2731 τοσούτφ
900 2644 1069 2726 διαφέρειν

64 2735 289 2824 πρὸςάρετήν.
1090 2751 1110 2802 ⁰

147 2840 250 2903 ΠΡΩ.
282 2831 390 2903 Πάντ’
403 2838 468 2904 ἐστὶ
481 2843 600 2921 ταῦτα,
620 2827 850 2922 ω’Σοίκρατες,
870 2833 914 2915 ὡς
925 2836 1071 2904 δυνατὸν

66 2929 268 3020 ἀλογώτατα.

147 3037 286 3102 XXXIV.
320 3039 394 3101 ΣΩ.
428 3032 488 3120 Μὴ
506 3041 622 3102 τοίνυν
637 3031 759 3121 ἡδονῆς
775 3033 836 3119 μὲν
852 3032 984 3110 πάντας
1002 3034 1071 3112 ἐξέ-

63 3149 159 3198 τασιν
171 3136 281 3197 πᾶσαν
294 3134 507 3218 ἐπιχειρῶμεν
518 3133 738 3220 ποιήσασθαι,
750 3138 813 3199 νοῦ
825 3129 860 3197 δὲ
872 3131 926 3196 καί
937 3129 1071 3216 ἐπιστή-

63 3252 126 3313 μης
142 3221 215 3295 οἷον
238 3227 429 3314 φειδόμενοι
447 3228 577 3315 σφόδρα
596 3235 768 3314 φανῶμεν·
790 3231 950 3311 γενναίως
967 3229 1020 3308 δέ,
1043 3234 1074 3293 εί
1171 3294 1174 3301 ,

64 3323 109 3410 πῄ
121 3352 152 3391 τι
164 3322 296 3410 σαθρὸν
307 3329 388 3411 ἔχει,
400 3333 468 3393 πᾶν
480 3325 748 3412 περικρούοιμεν,
766 3325 828 3402 ἕως
837 3321 858 3391 ὅ
868 3350 899 3390 τι
910 3322 1073 3408 ιιαθαροί-
