2408 3780
141 171 184 233 62
500 175 784 235 ΠΛΑΤΩΝΟὶ

227 340 285 403 ΦΙ.
316 332 416 400 Πάνυ
426 337 488 419 μὲν
498 326 571 402 οὖν.

226 437 301 500 Σόλ.
347 429 447 499 Τοῦτ’
475 429 558 499 αότδ
584 437 700 499 τοίνυν
727 429 811 518 ἡμᾶς
838 429 856 498 ό
879 431 1030 515 πρόσθεν
1051 431 1149 516 λόγος

141 531 280 617 άπαιτεῖ,
292 539 362 610 παῖς
374 537 464 599 έστιυ
475 533 512 598 ἓν
522 533 577 597 καὶ
588 532 694 598 πολλὰ
705 528 817 598 αὐτων
827 529 1000 613 ἑκάτερον,
1013 532 1067 598 καὶ
1079 537 1148 609 πῶς

92 643 124 698 19
140 629 184 717 μὴ
198 630 318 717 όπειρα
330 629 452 713 εόθός,
472 627 558 698 άλλά
574 627 652 697 τινά
669 651 749 695 ποτε
761 626 910 714 ἀριθμόν
920 629 1077 713 ἑκάτερον
1089 633 1147 714 έμ-

141 739 294 815 προσθεν
310 731 461 814 κέκτηται
478 735 540 795 τοῦ
555 727 674 812 ἄπειρα
692 723 805 794 αὐτων
821 728 942 794 ἕκαστα
958 730 1148 813 γεγονέναι;

223 833 326 896 Hm.
362 823 435 894 Ουκ
447 832 493 906 είς
505 826 637 912 φαυλον
648 851 686 910 γε
697 826 863 912 ἐρωτημα
884 852 909 893 ω
897 817 1063 912 Φίληβε,
1083 822 1148 892 οὐκ

141 923 245 994 οίδ’”
225 953 340 993 οντινα
357 925 483 1007 τρόπον
499 926 612 1015 αόνλω
630 948 700 1002 πως
716 947 927 1045 περιαγαγων
942 919 1029 1010 ἡμᾶς
1050 917 1148 1009 έμβέέ

140 1019 1147 1112 βληκεΣωκράτης,καὶσκόπειδὴπότεροςὴμωνάποιιρινεί

20 1182 23 1187 .
35 1172 39 1177 .
140 1147 193 1189 ται
204 1121 240 1188 τό
254 1129 319 1189 νῦν
330 1120 554 1206 ἐρωτώμενον.
565 1131 644 1199 ίσως
656 1120 697 1209 δὴ
709 1130 842 1207 γελοῖον
854 1149 891 1190 το
881 1121 957 1208 ἐμὲ
967 1146 1028 1188 τον
1014 1120 1146 1206 λόγου

46 1253 49 1257 ·
141 1220 296 1304 διάδοχον
314 1227 482 1298 παντελῶς
502 1216 694 1288 ὑποστάντα
715 1218 770 1307 διά
790 1220 827 1288 τό
850 1218 893 1306 μὴ
917 1218 1087 1288 δύνασθαι
1107 1217 1144 1286 τό

140 1326 206 1384 νῦν
224 1321 392 1404 ἐρωτηθὲν
410 1315 656 1400 ἀποκρίνασθαι
677 1323 729 1387 σοί
747 1319 847 1385 πάλιν
863 1325 961 1386 τοῦτο
978 1317 1144 1404 προστάτ-

104 1435 124 1484 Β
142 1441 226 1485 τειν·
249 1415 457 1501 γελοιότερον
474 1414 506 1483 δ’
524 1414 614 1502 οἶμαι
629 1415 716 1486 πολὺ
733 1414 770 1485 τό
785 1421 965 1502 μηδέτερον
975 1413 1072 1504 ἡμῶν
1083 1416 1141 1484 δυ’·

137 1525 277 1585 νασθαι·
301 1515 418 1584 σκόπει
435 1515 475 1601 δή
494 1522 527 1582 τί
542 1515 718 1602 δράσομεν.
741 1519 811 1599 είδη
829 1514 893 1601 γάρ
913 1541 970 1602 μοι
980 1516 1145 1584 δοπελνῦν

137 1710 246 1780 ὁπόσα
268 1715 335 1779 ἐστὶ
355 1715 410 1781 καλ
430 1710 542 1781 ὁποία
566 1712 670 1799 τῆςτ’
690 1705 735 1780 αὖ
752 1712 946 1799 φρονήσεως
964 1717 1039 1837 πέρι
1060 1711 1142 1781 κατὰ

97 1838 99 1843 ⁴
137 1809 240 1878 ταύτά
253 1810 417 1890 ωσαάτως.

221 1915 297 1977 Σόδ.
326 1907 545 1995 Ἀληθέστατα
563 1904 736 1994 λέγεις,
709 1937 734 1977 ω
754 1925 816 1978 παλ
827 1918 991 1979 Καλλίου
1013 1907 1057 1997 μὴ
1077 1906 1142 1995 γάρ

138 2009 317 2095 δυνάμενοι
335 2016 432 2076 τοῦτο
450 2008 532 2075 κατά
554 2008 677 2087 παντός
695 2005 770 2087 ἑνός
786 2012 842 2076 ιιαλ
860 2006 978 2094 ὁμοίου
995 2005 1141 2077 καὶταύ-

137 2115 198 2173 τοῦ
216 2113 303 2195 δρᾷν
318 2108 374 2174 mxl
390 2115 453 2174 τοῦ
469 2104 685 2191 ἐναντίου,
662 2132 706 2185 ως
723 2104 740 2173 ὁ
759 2107 941 2191 παρελθόν
952 2108 1050 2192 λόγος
1063 2107 1142 2193 ἐμή-

137 2224 257 2289 νυσεν,
280 2201 389 2283 οὐδεὶς
408 2209 455 2283 είς
471 2201 569 2272 οὐδὲν
587 2202 725 2283 οὐδενός
736 2199 780 2272 άν
796 2203 892 2292 ἡμῶν
909 2202 1067 2273 οὐδέποτε
1084 2207 1141 2290 γέ-

137 2301 336 2382 νοιτοόῖξιος.

18 2462 21 2467 ,
69 2410 117 2466 'c
217 2410 319 2473 ΠΡΩ.
348 2399 478 2488 Σχεδδν
498 2407 605 2470 ἔοικεν
627 2398 749 2487 οὕτως,
774 2394 802 2468 ά
824 2401 1016 2485 Σώκρατες,
1039 2403 1139 2485 ἔχειν·

45 2542 48 2547 -
134 2499 217 2569 άλλά
239 2502 342 2569 καλὸν
364 2500 425 2587 μὲν
442 2499 479 2567 τό
499 2501 670 2586 ξύμπαντα
686 2500 886 2585 γιγνώσκειν
906 2507 955 2587 τῷ
975 2499 1138 2586 σώφρονι,

34 2638 37 2645 -
135 2597 289 2681 δεότερος
307 2596 339 2664 δ’
359 2597 443 2666 εἶναι
459 2606 562 2676 πλοῦς
573 2595 716 2684 δοιιεῑμὴ
732 2597 917 2666 λανθάνειν
927 2596 1039 2668 αὑτόν.
1053 2611 1085 2667 τί
1095 2597 1153 2686 δή’“

134 2722 190 2782 μοι
208 2702 306 2762 τοῦτο
322 2704 447 2782 εἴρηται
458 2695 497 2763 τά
509 2705 591 2778 νδν;
611 2695 675 2782 ἐγώ
687 2716 740 2762 σοι
750 2696 878 2780 φράσω.
891 2695 934 2763 σδ
947 2696 1046 2783 τήνδε
1058 2694 1137 2784 ἡμῖν

18 2834 31 2889 5-
133 2794 194 2882 τὴν
205 2800 404 2879 συνουσίαν,
417 2785 646 2882 ιόΣάκρατες,
663 2799 828 2874 ἐπέδωκας
839 2804 919 2864 πάσι
930 2800 984 2864 καὶ
996 2796 1138 2865 σεαυτόν

19 2902 23 2907 “
36 2907 39 2911 ’
133 2890 259 2978 πρδςτό
271 2897 450 2974 διελέσθαι,
458 2901 491 2962 τί
498 2902 565 2961 τῶν
575 2892 800 2976 ἀνθρωπίνων
807 2893 981 2979 κτημάτων
989 2893 1135 2981 ἄριστον.

68 3058 71 3063 .
132 2990 283 3078 Φιλήβου
299 2988 364 3076 γάρ
383 3017 398 3057 ε
400 2997 534 3070 ποντος
550 2990 678 3079 ἡδονὴν
695 2996 750 3061 καλ
767 2996 883 3080 τέρψιν
894 2996 948 3060 καλ
958 2989 1067 3078 χαράν
1081 2995 1136 3061 καὶ

66 3134 68 3139 -
131 3087 239 3157 πάνθ’
256 3085 488 3158 ὁπόσατοιαυτ
493 3089 595 3177 ’,ἐστί
614 3091 657 3158 σύ
669 3115 752 3177 προς
762 3118 846 3158 αντα
858 3090 1023 3173 αντελπες,
1039 3118 1084 3170 ως
1095 3119 1137 3160 ου

82 3192 114 3251 1)
130 3214 233 3254 ταυτα
250 3185 326 3256 ἀλλ’
343 3189 453 3256 έκελνά
470 3186 618 3274 έστιν,“
595 3216 617 3255 α
636 3186 828 3267 πολλάκις
808 3197 895 3275 ημᾶς
910 3186 1034 3268 αὐτοὺς
1051 3187 1136 3258 άνα-

93 3284 510 3372 μιμνήσκομενὲιιόντες,
532 3283 644 3370 όρθως
657 3291 814 3372 δρωντες,
836 3284 882 3354 ἵν’
898 3288 1135 3376 ἐνμνήμῃπα-

131 3391 304 3467 ρακείμενα
319 3385 455 3466 ἑκάτερα
472 3390 595 3469 βασαυί
594 3390 696 3471 ζηται·
719 3411 784 3471 φῃς
801 3381 879 3451 δ
855 3412 899 3465 ως
923 3392 1009 3455 ἔοικε
1031 3385 1075 3454 σδ
1095 3385 1132 3455 τό
