2422 3780
66 199 101 256 49
397 191 730 252 ΑΛΚΙΒΙΑΔΗΣ.
1006 187 1073 252 319

69 352 208 438 νόμενος
219 357 424 440 διαφθαρῇς·
436 353 552 421 πολλοὶ
566 347 629 438 γάρ
640 348 704 436 ἤδη
715 350 769 417 καλ
781 346 904 435 άγαθολ
915 347 996 418 αύτὸ
1008 373 1068 417 πε-

68 452 238 519 πόυθασιν
248 450 442 537 Ἀθηναίων.
475 447 691 535 εὐπρόσωπος
706 447 770 535 γάρ
783 444 799 515 ὁ
812 457 874 516 τοῦ
883 447 1068 536 μεγαλήτο-

68 575 125 633 ρος
137 553 239 635 δῆμος
253 547 447 635 Ἐρεχθέως·
469 545 538 617 ἀλλ’
551 544 723 623 ἀποδύντα
739 547 800 633 χρὴ
819 543 924 615 αὐτόν
940 544 1068 614 θεάσα-

69 657 166 714 σθαι·
186 645 333 735 εὐλαβοῦ
343 639 408 717 ούν
422 646 484 735 τὴν
495 643 672 734 εὐλάβειαν
685 641 729 731 ἢν
740 643 803 731 ἐγώ
815 650 909 731 λέγω.

147 753 218 815 ΑΛ.
253 751 351 829 Τίνας

147 849 221 912 ΣΩ.
255 843 430 930 Γόμνασαι
441 850 591 927 πρῶτον,
604 834 633 911 ά
642 842 799 930 μακάριε,
819 841 873 909 καὶ
884 840 973 928 μάθε
985 838 1008 908 ά
1018 844 1070 910 δεῖ
1099 862 1120 914 Β

69 944 221 1028 μαθόντα
239 944 322 1009 ἰέναι
338 942 391 1010 ἐπὶ
406 941 446 1009 τά
463 949 521 1028 τῆς
538 940 680 1026 πόλεως,
704 939 867 1024 πρότερον
889 939 925 1008 δὲ
942 938 1003 1026 μή,
1025 936 1063 1007 ἵν’

70 1038 318 1123 ἀλεξιφάρμακα
330 1043 413 1124 ἔχων
429 1048 480 1126 ἴῃς
491 1039 546 1108 καλ
556 1043 661 1125 μηδὲν
671 1039 783 1126 πάθῃς
795 1035 914 1106 δεινόν.

152 1141 222 1203 ΑΛ.
254 1129 306 1204 Εὖ
317 1162 373 1223 μοι
383 1141 489 1217 δοκεῖς
499 1141 617 1224 λέγειν,
631 1129 857 1221 όΣύκρατες·
870 1134 953 1204 άλλά
965 1143 1068 1216 πειρῶ

68 1238 265 1321 ἐξηγεῖσθαι,
279 1232 379 1302 ὅντιν’
386 1231 430 1302 άν
439 1234 566 1319 τρόπον
578 1239 830 1322 ἐπιμεληθεῖμεν
842 1232 938 1321 ἡμῶν
946 1231 1066 1300 αύτολν.

151 1339 225 1401 ΣΩ.
260 1329 397 1402 Οὐκοῦν
406 1340 569 1402 τοσούτου
579 1333 640 1420 μὲν
650 1330 731 1421 ἡμῖν
742 1339 786 1412 είς
796 1331 832 1400 τό
846 1333 998 1417 πρόσθεν
1009 1356 1069 1398 πε-

69 1434 241 1514 πέρανται·
261 1428 282 1500 ό
291 1429 357 1517 γάρ
370 1434 481 1520 ἐσμέν,
494 1436 643 1511 ἐπιεικεῖς
655 1431 876 1518 ὡμολόγηται·
896 1429 1067 1518 φοβούμε-
1146 1422 1149 1429 ’

69 1539 116 1598 θα
128 1534 166 1598 δέ
174 1529 229 1617 μὴ,
242 1530 364 1600 τούτου
375 1534 554 1616 σφαλέντες
561 1531 719 1616 λάθωμεν
730 1533 844 1617 ἑτέρου
854 1528 943 1607 τινός
955 1532 1067 1614 ἐπιμε-

149 1732 218 1793 ΑΛ.
244 1723 455 1794 ’Έυτιταῦτα

153 1829 227 1890 ΣΩ.
261 1825 327 1890 Καὶ
337 1820 417 1909 μετά
430 1830 528 1893 τοῦτο
539 1823 602 1912 ἤδη
613 1832 670 1913 τῆς
680 1826 1001 1911 ψυχῆςέπιμελητέον
1012 1824 1066 1890 καὶ
1101 1843 1120 1893 c

70 1928 115 2000 εἰς
125 1930 223 1988 τοῦτο
232 1923 401 2009 βλεπτέον.

154 2027 222 2087 ΑΛ.
253 2028 377 2107 Δῆλον.

152 2125 227 2186 ΣΩ.
265 2119 437 2206 Σωμάτων
447 2121 545 2191 δὲκαὶ
554 2120 730 2208 χρημάτων
741 2116 1069 2207 τὴνέπιμέλειαυὲτέ-

71 2219 365 2304 ροιςπαραόοτέον.

155 2319 226 2382 ΑΛ.
263 2321 305 2382 Τί
312 2315 395 2403 μήνς

154 2416 228 2478 ΣΩ.
264 2409 330 2479 Τίν’
344 2405 408 2480 οὖν
418 2408 462 2481 άυ
472 2412 597 2498 τρόπον
608 2417 765 2498 γνοίημεν
776 2409 861 2480 αὐτά
871 2413 1069 2496 ἐναργέστα-

72 2534 128 2586 τα;
149 2505 259 2594 ἐπειδὴ
270 2517 369 2576 τούτο
380 2509 532 2596 γνόντες,
555 2506 600 2588 ὥς
610 2513 731 2594 ἔοικεν,
750 2505 835 2597 ἡμᾶς
844 2505 967 2589 αύτούς
978 2535 1068 2597 μνω-

72 2607 212 2694 αόμεθα.
243 2599 310 2691 άρα
329 2607 412 2691 πρός
427 2615 521 2676 θεῶν
538 2600 577 2675 εύ
598 2609 752 2693 λέγοντος
769 2600 813 2676 ού
827 2613 893 2675 νῦν
910 2605 949 2696 δὴ
968 2609 1070 2695 ἐμνή-

72 2713 203 2792 σθημεν
212 2713 274 2772 τού
284 2713 458 2792 Δελφικοῦ
466 2705 656 2793 γράμματος
667 2702 709 2772 ού
721 2709 888 2792 ξυνίεμενς

155 2810 225 2872 ΑΛ.
262 2802 306 2873 Τό
319 2804 415 2874 ποῖόν
425 2830 456 2872 τι
468 2802 704 2891 διανοούμενος
715 2807 829 2891 λέγεις,
844 2797 870 2872 ό
878 2802 1069 2887 Σύκρατες;

153 2908 226 2970 ΣΩ.
254 2899 337 2989 Ἐγώ
353 2924 407 2972 σοι
427 2903 562 2992 φράσοι,
586 2901 607 2970 ὅ
626 2928 665 2988 γε
685 2897 862 2971 ὑποπτεύω
883 2903 990 2987 λέγειν
1013 2904 1068 2970 καὶ
1087 2915 1108 2964 Ι)

71 3000 313 3088 συμβουλεύειν
330 3000 414 3090 ἡμῖν
435 3009 534 3072 τοῦτο
556 3001 592 3071 τό
615 3003 759 3089 γράμμα.
794 3001 983 3070 κινδυνεύει
1004 3001 1068 3088 γάρ

71 3097 150 3169 οὐδὲ
168 3107 337 3187 πολλαχοῦ
353 3100 436 3171 εἶναι
452 3102 660 3188 παράδειγμα
676 3098 797 3186 αὐτοῦ,
821 3095 904 3169 άλλά
915 3095 997 3167 κατά
1007 3096 1070 3186 τήν

69 3199 146 3280 ὄψιν
159 3197 274 3285 μόνον.
867 3210 870 3220 ’

153 3304 222 3364 ΑΛ.
256 3299 572 3382 Πύρτοῦτολέγεις;

151 3401 286 3467 xxvlfl.
326 3401 401 3466 252.
435 3394 563 3465 Σκόπει
579 3395 635 3463 καλ
652 3393 706 3462 σύ.
730 3399 760 3463 ελ
776 3390 871 3483 ἡμῶν
887 3402 933 3486 τῷ
950 3392 1068 3482 ὄμματι
