2408 3780
68 208 105 267 ,το
213 287 216 294 ¹
469 197 695 256 ΦΑΙΔΡΟΣ.
1017 195 1075 260 217

68 356 207 427 παιδικά
217 356 462 444 ἀνέξετααῆττω
476 357 511 425 δὲ
522 357 577 422 καὶ
589 353 828 437 ὑποδεέστερον
836 353 888 425 ἀεὶ
899 354 1080 441 ἀπεργάζε-

67 484 136 524 ται·
159 455 268 542 ἥττων
281 458 316 524 δὲ
327 453 459 542 ἀμαθὴς
470 462 596 539 σοφοῦ,
614 453 720 533 δειλὸς
731 452 903 540 ἀνδρείου,
915 452 1080 536 ἀδύνατος

69 560 176 622 εἰπεῖν
192 556 387 642 ῥητορικοῦ,
409 550 535 639 βραδὺς
552 550 700 639 άγχίυου.
718 554 888 622 τοσούτων
900 559 1079 625 κακῦνκαὶ

68 658 117 721 ἔτι
128 651 294 720 πλειόνων
303 651 385 720 κατὰ
397 651 458 738 τὴν
469 651 622 719 διάνοιαν
629 650 771 739 ἐραστὴν
783 655 936 742 ἐρωμένῳ
949 652 1078 739 ἀνάγκη

67 755 276 838 γιγνομὲνων
289 777 324 819 τε
336 754 390 819 καί
401 751 502 837 φύσει
513 748 675 837 ἐνόντων,
697 757 765 819 τῶν
781 754 842 838 μὲν
857 752 1015 839 ἥδεσθαι,
1037 753 1077 821 τά

69 849 106 918 δὲ
135 851 414 936 παρασκευάζειν,
441 847 464 936 ἢ
487 852 662 936 στέρεσθαι
683 857 745 918 τοῦ
766 858 951 938 παραυτίκα
972 847 1077 937 ἡδέος.

68 946 244 1036 φθονερὰν
255 946 295 1035 δὴ
307 946 435 1034 ἀνάγκη
445 947 538 1032 εἶναι,
551 949 606 1016 καὶ
616 954 751 1016 πολλῶν
760 952 822 1036 μὲν
830 949 942 1018 ἄλλων
951 971 1077 1019 συνου-
1096 959 1116 1011 B

68 1055 153 1116 σιῦν
169 1043 369 1131 ἀπείργοντα
384 1049 439 1115 καὶ
456 1044 649 1133 ω’φελίμων,
672 1045 756 1115 ὅθεν
773 1042 816 1115 ἀν
835 1047 967 1134 μάλιστ’
991 1048 1077 1136 ἀνὴρ

67 1156 232 1233 γίγνοιτο,
254 1145 397 1232 μεγάλης
412 1155 519 1214 αίτιον
536 1143 620 1213 εἶναι
637 1146 778 1234 βλάβης,
801 1154 953 1234 μεγίστης
971 1152 1007 1216 δὲ
1021 1155 1079 1235 τῆς

68 1244 154 1313 ὅθεν
168 1239 212 1312 ἀν
228 1245 479 1330 φρονιμώτατος
497 1254 556 1331 είη.
578 1252 676 1313 τοῦτο
700 1244 734 1313 δὲ
755 1242 776 1331 ἡ
797 1253 875 1314 θεία
896 1254 1078 1334 φιλοσοφία

67 1344 225 1430 τυγχάνει
241 1343 298 1430 δν,
319 1336 360 1429 ἧς
377 1341 519 1430 ἐραστὴν
529 1341 664 1413 παιδικά
676 1342 805 1430 ἀνάγκη
817 1345 998 1430 πόρρωθεν
1009 1357 1078 1430 είρ-

68 1470 157 1528 γειυ,
179 1448 364 1527 περίφοβον
381 1441 461 1509 ὄντα
479 1451 540 1510 τοῦ
556 1452 868 1530 καταφρονηθῆναι·
892 1446 931 1510 τά
948 1470 983 1511 τε
994 1442 1078 1512 ἀλλα

67 1549 290 1628 μηχανᾶσθαι,
301 1539 391 1619 ὅπως
402 1535 445 1610 ἀν
456 1533 479 1628 ᾖ
491 1539 589 1608 πάντ’
601 1539 735 1626 ἀγνοοῦν
747 1545 802 1608 καί
819 1538 918 1609 πάντ’
934 1541 1078 1628 ἀποβλέ-

67 1664 142 1706 πων
160 1644 206 1717 εἰς
222 1636 283 1707 τδν
298 1639 457 1726 ἐραστήν,
481 1634 549 1717 οἷος
561 1635 610 1707 ἀν
620 1647 667 1728 τῷ
678 1642 739 1725 μὲν
751 1639 901 1727 ἥδιστος,
925 1643 1031 1728 ἑαυτῷ
1042 1641 1078 1710 δὲ

66 1737 316 1826 βλαβεράτατος
332 1733 377 1804 ἀν
395 1747 454 1823 είη.
478 1737 518 1806 τά
530 1737 591 1824 μὲν
608 1731 672 1805 οὖν
690 1737 772 1806 κατά
784 1737 935 1808 διάνοιαν
946 1744 1077 1824 ἐπίτρο-
1096 1749 1117 1801 c

67 1836 131 1916 πός
148 1861 183 1904 τε
200 1838 255 1905 καί
268 1834 430 1915 κοινωνὸς
441 1835 571 1925 οὐδαμῇ
588 1836 758 1924 λυσιτελὴς
769 1836 854 1923 ἀνὴρ
866 1842 950 1924 ἔχων
960 1843 1075 1923 ἔρωτα.

152 1943 233 2006 XVI.
278 1935 347 2022 Τὴν
372 1937 408 2004 δὲ
430 1944 491 2003 τοῦ
512 1936 661 2021 σώματος
682 1938 750 2016 ἕξιν
768 1962 804 2004 τε
821 1940 877 2005 καὶ
892 1947 1076 2021 θεραπείαν

67 2042 143 2106 οἵαν
159 2062 194 2103 τε
211 2037 266 2103 καὶ
284 2032 328 2114 ἀς
344 2033 547 2120 θεραπεύσει
563 2024 605 2101 οὗ
622 2028 666 2102 ἀν
676 2039 810 2122 γένηται
821 2035 951 2124 κάρτος,
964 2033 1076 2124 δςδγδῦ

66 2137 132 2220 πρὸ
153 2133 287 2221 ἀγαθοῦ
302 2132 507 2221 ἠνάγκασται
529 2134 677 2220 διώκειν,
702 2138 753 2202 δεῖ
769 2132 849 2220 μετά
867 2141 971 2203 ταῦτα
983 2140 1073 2204 ίδεῑυ.

68 2232 256 2320 ὀφθήσεται
267 2233 302 2301 δὲ
313 2234 490 2319 μαλθακόν
497 2260 571 2302 τινα
582 2231 689 2302 καλοῦ
703 2235 838 2317 στερεόν
851 2235 993 2319 διάκωυ,
1005 2233 1077 2303 οῦδ

68 2338 105 2401 ἐν
124 2331 207 2422 ἡλίῳ
228 2341 368 2424 καθαρῷ
387 2338 618 2418 τεθραμμένον
639 2329 714 2399 ἀλλ’
732 2329 798 2399 ῦπδ
817 2346 972 2418 συμμιγεῖ
989 2341 1076 2421 σκιᾷ,

67 2431 183 2500 πόνων
193 2431 254 2516 μὲν
265 2429 428 2517 ἀνδρείων
444 2433 499 2499 καὶ
516 2432 666 2514 ίδράτων
677 2436 787 2516 ξηρῶν
796 2429 952 2516 άπειρον,
964 2435 1077 2515 ἔμπει-

67 2556 131 2615 ρον
146 2534 182 2597 δὲ
192 2527 320 2616 ἁπαλῆς
331 2533 385 2598 καὶ
397 2528 568 2615 ἀνάνδρου
579 2535 720 2616 διαίτης,
734 2527 917 2616 ἀλλοτρίοις
926 2528 1076 2616 χράμασι
1094 2541 1112 2591 l

67 2632 123 2697 καλ
134 2628 271 2715 κόσμοις
282 2630 371 2715 χήτει
382 2634 512 2698 οίκείων
523 2628 771 2714 κοσμούμενον,
782 2628 844 2697 ὅσα
854 2654 889 2696 τε
900 2625 985 2697 ἀλλα
996 2629 1077 2696 τού-

66 2754 135 2806 τοις
146 2729 258 2795 ἓπεται
270 2727 376 2795 πάντα
388 2729 632 2814 ἐπιτηδεύοντα,
646 2725 761 2816 ἀδῆλα
771 2732 826 2798 καὶ
840 2726 903 2798 οὐκ
914 2727 1006 2810 ἀξιον
1017 2752 1077 2796 πε-

67 2829 207 2913 ραιτέρω
219 2834 428 2914 προβαίνειν,
451 2824 526 2895 ἀλλ’
545 2831 584 2896 ἓν
601 2829 784 2914 κεφάλαιον
794 2826 1011 2916 ὁρισαμένους
1021 2824 1073 2897 ἐπ’

65 2925 149 2995 άλλο
168 2929 267 2995 ίέναι·
289 2927 326 2996 τδ
343 2925 409 3012 γάρ
426 2935 578 2996 τοιοῦτον
595 2936 690 3015 σῶμα
706 2931 742 2997 ἐν
760 2932 891 3020 πολέμῳ
903 2953 938 2997 τε
949 2929 1003 2996 καὶ
1014 2927 1077 2993 άλ-

66 3035 139 3105 λαις
149 3033 271 3112 χρείαις
285 3025 360 3096 ὅσαι
371 3027 511 3113 μεγάλαι
522 3032 556 3095 οί
564 3027 625 3113 μὲν
638 3030 752 3114 ἐχθροί
768 3033 974 3112 θαρροῦσιν,
997 3028 1031 3091 οί
1041 3023 1077 3092 δὲ

66 3135 159 3213 φίλοι
176 3129 231 3194 καὶ
248 3123 343 3194 αὐτοὶ
361 3130 396 3193 οί
409 3128 540 3209 ἐρασταὶ
557 3134 752 3213 φοβοῦνται
773 3133 873 3194 τοῦτο
884 3127 945 3210 μὲν
956 3113 1019 3189 οὖν
1031 3121 1076 3201 ἀς

66 3231 169 3311 δῆλον
181 3229 311 3309 ἐατέον,
333 3222 370 3293 τὸ
384 3223 415 3291 δ’
428 3228 543 3310 ἑφεξῆς
554 3226 688 3311 ῥητέον,
706 3231 779 3293 τίνα
789 3221 869 3311 ἡμῖν
882 3217 1076 3308 άφέλειανῆ

64 3332 141 3392 τίνα
150 3322 281 3413 βλάβην
301 3324 375 3407 περὶ
385 3321 448 3410 τὴν
465 3321 612 3411 κτῆσιυὴ
630 3330 691 3392 τοῦ
702 3325 844 3408 ἐροῦντος
854 3318 965 3408 ὁμιλία
973 3345 1009 3389 τε
1020 3322 1075 3388 καί
1091 3336 1115 3386 υ

63 3426 254 3506 ἐπιτροπεία
266 3423 445 3505 παρέξεται.
470 3424 572 3510 σαφὲς
584 3420 624 3510 δὴ
636 3421 735 3492 τοῦτό
752 3424 1001 3509 γεπαυτλμέυ,
1017 3417 1086 3497 χοί-
1124 3480 1126 3485 .
