2408 3780
129 161 177 240 ἐκ
499 146 786 238 ΠΛΑΤειιιοΣ

135 345 210 425 ἔφη,
222 331 461 423 εόΠαρμενίδη,
473 331 491 404 ὁ
502 336 697 423 Σωκράτης·
719 337 811 405 πάνυ
819 338 883 423 γάρ
895 365 950 424 μοι
962 338 1044 407 κατὰ
1055 367 1084 408 υι

135 442 245 523 λέγεις.
277 432 373 504 Ἀλλὰ
385 435 513 520 μέντοι,
526 433 616 502 εἶπεν
626 431 644 501 ό
655 440 882 522 Παρμενίδης,
896 445 927 504 εί
934 440 975 522 γέ
982 464 1030 516 τις
1041 437 1082 524 δή

133 536 326 620 Σεόκρατες,
350 526 395 599 αὖ
411 529 457 619 μὴ
473 533 562 600 ἐάσει
573 537 643 618 είδη
654 541 722 600 τῶν
733 531 843 600 όντων
854 533 953 618 εἶναι,
976 542 1020 615 είς
1031 535 1084 602 πάι

133 630 172 700 τά
189 636 254 699 ’νῦν
272 630 312 717 δὴ
329 632 384 698 καὶ
401 628 484 697 άλλα
494 638 630 697 τοιαῦτα
640 628 844 717 ἀποβλέψας,
866 634 950 716 μηδέ
958 658 989 698 τι
999 629 1084 715 ὁριεῑ

12 791 16 799 .
134 729 219 807 εἶδος
235 727 309 806 ἑνός
325 727 483 812 ἑκάστου,
505 725 584 794 οὐδὲ
600 725 677 794 όποι
693 729 804 811 τρέψει
819 727 881 814 τὴν
899 727 1050 796 διάνοιαν
1062 730 1084 807 ἓλ,

97 849 117 901 c
134 825 177 913 μὴ
193 830 257 893 ἐῶν
269 827 360 893 ἰδέαν
370 831 438 891 τοῖν
448 822 557 891 όντων
569 823 710 891 ἑκάστου
722 821 785 909 τὴν
796 821 902 910 αὐτὴν
912 823 963 892 ἀεὶ
973 825 1069 909 εἶναι,
1082 859 1084 892 :

134 923 239 1001 οὕτως
255 920 317 1007 τὴν
333 928 396 989 κοῦ
413 923 623 1005 διαλέγεσθαι
635 921 779 1006 δύναμιν
790 921 979 989 παντάπασι
993 928 1084 1008 διαφι·

134 1035 191 1105 ρεῐ.
224 1026 286 1086 τοῦ
302 1015 456 1085 τοιούτου
473 1016 534 1102 μὲν
551 1010 616 1084 οὖν
632 1044 688 1104 μοι
706 1023 813 1097 δοκεῖς
824 1020 1016 1105 καὶμᾶλλον
1027 1018 1084 1108 ,ἠσλ

133 1127 223 1185 σθαι.
243 1113 368 1201 Ἀληθη
379 1115 501 1199 λέγεις,
515 1115 627 1198 φάναι.

215 1221 293 1283 v111.
341 1219 382 1280 Τί
390 1204 455 1279 οὖν
470 1212 616 1297 ποιήσεις
634 1220 832 1298 φιλοσοφίας
845 1220 934 1300 πέρι;
955 1218 1084 1296 ποίτρέι

132 1311 368 1400 ἀγνοουμένων
383 1309 530 1389 τούτους
556 1307 607 1377 Οὐ
618 1310 708 1378 πάνυ
719 1336 775 1396 μοι
786 1315 874 1379 δοκῶ
886 1320 1041 1401 καθορᾷν
1051 1317 1084 1379 ἔν

132 1419 178 1502 τῷ
189 1410 337 1493 παρόντι.
357 1406 438 1497 Πρηὶ
449 1407 531 1492 γάρ,
545 1412 658 1493 είπελν,
671 1411 750 1492 πρὶν
759 1416 1006 1495 γυμνασθῆναι,
1020 1402 1084 1477 &z

131 1534 262 1593 κρατες,
285 1504 451 1591 ὁριζεσθαι
468 1509 636 1590 ἐπιχειρεῖς
653 1505 758 1574 καλόν
775 1532 811 1574 τε
827 1513 861 1574 τί
875 1508 929 1575 καὶ
942 1512 1084 1575 δίκαιονι

131 1603 265 1691 ἀγαθόν
285 1606 340 1672 καὶ
361 1607 399 1671 ἓν
421 1605 650 1673 ἕκαστοντῶν
673 1610 787 1673 είδιόν·
817 1605 974 1690 ἐνενόησα
996 1603 1059 1689 γάρ
1082 1642 1084 1670 1

95 1703 249 1794 οπρηόην
277 1722 340 1769 σου
367 1699 502 1769 άκοόων
525 1705 761 1787 διαλεγομένου
782 1702 906 1769 ἐνθάδε
925 1701 1085 1786 Ἀριστοιὲ

131 1804 223 1886 τῷδε.
246 1796 329 1884 καλὴ
341 1799 403 1884 μὲν
414 1791 477 1866 οὖν
488 1801 543 1867 καὶ
555 1806 649 1882 θεία,
668 1791 707 1867 εὖ
718 1809 805 1885 ίσθι,
823 1797 959 1886 ἡὸρμή,
977 1796 1020 1885 ἣν
1031 1797 1084 1884 ὁρι

131 1898 184 1963 ἐπὶ
200 1893 278 1974 τούς
294 1896 429 1981 λόγους·
451 1898 594 1964 ἕλκυσον
612 1898 649 1965 δὲ
665 1896 790 1963 σαυτὸν
809 1899 863 1963 καὶ
872 1897 1040 1982 γύμνασαι
1051 1923 1084 1980 μι

131 2000 192 2062 λον
210 1989 264 2059 διά
274 1999 331 2077 τῆς
342 1993 506 2079 δοκούσης
515 1991 682 2077 ἀχρήστου
693 1991 776 2059 εἶναι
787 1995 841 2060 καὶ
853 1995 1058 2079 καλουμένης
1068 1992 1084 2059 κ’

131 2097 200 2157 τόν
209 2096 343 2157 πολλῶν
354 2085 561 2176 άδολεσγίας,
574 2090 635 2167 ἕως
646 2093 692 2155 ἔτι
702 2092 777 2167 νέος
786 2087 816 2157 εί
823 2113 830 2128 ·
852 2096 883 2158 εί
893 2090 928 2158 δὲ
940 2089 1001 2175 μή,
1013 2091 1048 2158 σὲ
1061 2094 1084 2157 δ.

131 2188 284 2273 φεύξεται
295 2182 316 2271 ἡ
328 2184 476 2270 ἀλήθεια.
510 2177 667 2264 Τίςοῦνὸ
680 2184 818 2272 τρόπος,
830 2184 950 2273 φάναι,
962 2179 989 2253 ὦ
999 2194 1084 2274 Παργ

130 2290 223 2372 υίδη,
234 2291 292 2371 τῆς
303 2289 501 2369 γυμνασίας;
524 2274 649 2368 Οὗτος,
662 2289 781 2370 εἰπεῖν,
794 2281 815 2351 ό
817 2309 898 2368 νπερ
909 2282 1055 2371 ἤκουσας
1066 2294 1084 2353 2

92 2409 112 2459 ε
131 2407 246 2462 νωνος.
280 2379 368 2467 πλὴν
386 2380 485 2449 τοῦτό
502 2382 542 2467 γέ
557 2399 619 2447 σου
631 2383 686 2448 καὶ
697 2380 1075 2469 πρόςτοῦτονῆγάσθην

129 2478 265 2562 πόντος,
288 2476 340 2545 ὅτι
356 2475 418 2544 οὐκ
435 2486 503 2556 εἰας
520 2481 557 2545 ἑν
572 2491 639 2557 τοϊς
657 2475 836 2565 ὁρωμένοις
852 2477 929 2547 οὐδὲ
946 2481 1020 2562 περὶ
1031 2489 1084 2546 ταιΙ

128 2575 190 2661 τὴν
208 2575 339 2660 πλάνην
355 2577 561 2656 ἐπισκοπεῖν,
583 2572 667 2642 άλλὰ
685 2579 759 2660 περὶ
777 2577 886 2644 ἐκεῖνα
902 2572 1075 2662 άμάλιστά

104 2737 106 2742 .
130 2667 172 2738 δν
184 2669 272 2759 λόγῳ
284 2670 381 2757 λάβοι
391 2672 446 2739 καί
457 2676 528 2757 είδη
538 2667 583 2738 δν
592 2669 751 2758 ἡγήσαιτο
765 2671 857 2740 εἶναι.
879 2681 984 2741 Δοκεῖ
992 2673 1084 2759 γάρμ

131 2774 211 2855 ἔφη,
230 2768 334 2856 ταότη
344 2794 382 2853 γε
393 2764 493 2839 οὐδὲν
503 2768 647 2855 χαλεπόν
658 2768 742 2838 εἶναι
753 2773 808 2839 καὶ
819 2767 917 2856 ὅμοια
927 2773 981 2839 καὶ
992 2768 1084 2857 άνόμι

130 2868 186 2935 καὶ
203 2864 286 2935 άλλο
303 2864 419 2933 ὁτιοῦν
430 2863 469 2934 τά
482 2865 563 2934 ὅντα
575 2866 743 2952 πάσχοντα
755 2867 961 2954 ἀποφαίνειν.
995 2869 1059 2935 Καὶ
1072 2895 1084 2934 ι

130 2972 196 3045 λοῖς
205 2962 252 3051 γ’,
275 2970 348 3050 ἔφη.
382 2963 442 3050 χρὴ
462 2963 497 3032 δὲ
513 2964 569 3031 καὶ
586 2963 664 3032 τόδε
674 2970 722 3032 ἔτι
733 2965 816 3051 πρὸς
824 2964 930 3056 τούτῳ
942 2977 1065 3049 ποιεῖν,

64 3084 113 3141 136
129 3062 235 3150 μόνον
246 3067 276 3130 εί
285 3066 375 3130 ἔστιν
385 3065 525 3130 ἕκαστον
538 3058 782 3148 ὑποτιθέμενον
794 3076 930 3132 σκοπεῖν
940 3062 980 3132 τδι
994 3071 1084 3150 ξυμβ.

113 3177 232 3228 Ινοντα
253 3160 289 3227 ἐκ
312 3166 370 3246 τῆς
390 3154 598 3243 ὑποθέσεως,
620 3156 704 3228 ἀλλὰ
726 3161 782 3227 καὶ
803 3159 893 3246 είμη
911 3161 1031 3229 ἔστιτὸ
1049 3162 1084 3228 αι

129 3265 226 3325 τοῦτο
238 3253 475 3344 ὑποτίθεσθαι,
487 3262 518 3325 εί
525 3257 642 3344 βούλει
652 3265 779 3343 μᾶλλον
789 3265 1034 3344 γυμνασθῆναι.
1054 3265 1084 3325 Π

128 3355 372 3441 λέγειςςφάναι.
398 3349 589 3443 οἷον,ἒφη,
602 3361 632 3424 εί
641 3355 755 3442 βούλει
766 3356 840 3440 περὶ
849 3353 970 3441 ταύτης
979 3362 1037 3441 τῆς
1047 3351 1084 3421 ότι
