2408 3780
157 161 221 226 334
360 165 683 224 ΑΛΚΙΒΙΛΔΗΣ
702 165 973 224 ΔΕΥΤΕΡΟΣ.
1132 174 1166 228 θλ

158 332 229 391 λειν
247 322 289 391 ἄν
307 342 344 390 σε
361 320 446 407 πρὸς
455 323 518 410 τὴν
530 324 651 391 ἑαυτοῦ
661 325 783 410 μητέρα
797 328 1057 410 διαπεπρᾶχθαι,
1080 325 1165 411 ἅπερ

154 419 310 507 Ὀρέστην
332 423 413 506 φασδ
435 423 489 488 καὶ
508 420 569 488 τὸν
585 419 772 505 Ἀλκμέωνα
791 423 846 488 καὶ
862 427 893 489 εί
908 421 950 508 δή
966 447 1053 500 τινες
1071 420 1163 491 ἄλλοι

118 537 140 587 1)
158 522 294 598 ἐκείνοις
304 519 505 605 τυγχάνουσι
516 515 619 586 ταύτὰ
635 521 923 606 διαπεπραγμένοι.

242 639 312 701 ΑΛ.
345 629 500 719 Εὐφήμει
511 630 594 718 πρὸς
603 631 701 717 Διός,
715 624 937 716 ὦΣοίκρατες.

241 753 316 817 ΣΩ.
351 744 454 814 Οὔτοι
470 743 529 813 τόν
547 748 702 834 λέγοντα,
727 739 966 836 ὥἈλκιβιιίδη,
991 742 1034 825 ὡς
1045 743 1108 814 οὐκ
1121 743 1164 814 ι’ἱν

158 845 285 923 ἐθέλοις
295 862 349 912 σοι
359 850 463 910 ταῦτα
475 851 681 931 πεπρᾶχθαι,
707 841 869 933 εὐφημεῖν
885 848 936 913 δεῖ
950 864 985 911 σε
1003 844 1163 930 κελεύειν,

158 938 241 1008 ἄλλα
259 946 388 1027 μᾶλλον
404 939 507 1026 πολύ,
531 949 565 1008 εί
572 967 618 1019 τις
630 938 670 1008 τὰ
682 942 928 1027 έναυτίαλέμοι·
951 940 1062 1028 ἐπειδὴ
1074 940 1162 1010 οὕτω

158 1057 211 1105 σοι
220 1043 315 1105 ,δοκεῖ
324 1037 457 1123 σφόδρα
474 1033 587 1106 δεινὸυ
601 1036 685 1105 εἶναι
695 1035 731 1106 τό
744 1047 894 1126 πρᾶγμα,
918 1036 996 1107 ὥστ’
1010 1037 1088 1107 οὐδὲ
1100 1043 1161 1125 ῥη-

157 1139 232 1205 τέον
243 1135 327 1204 εἶναι
338 1133 443 1215 οὕτως
454 1142 540 1224 εἰκῇ·
555 1142 662 1218 δοκεῖς
674 1134 705 1206 δ’
720 1134 764 1205 ίίν
774 1139 834 1206 τόν
843 1136 1011 1225 Ὀρέστην,
1024 1144 1055 1206 εί
1064 1139 1160 1224 ἐτύγ·

155 1260 235 1320 χανε
244 1234 407 1321 φρόνιμος
417 1230 465 1301 &v
475 1238 530 1302 καλ
541 1232 635 1314 είδοδς
645 1233 667 1304 δ’
677 1262 708 1303 τι
718 1240 889 1323 βέλτιστον
899 1229 944 1323 ἦν
953 1234 1045 1326 αὐτῷ
1055 1239 1161 1321 πρατ-

156 1358 224 1400 τειν
231 1383 240 1416 ,
253 1339 413 1419 τολμῆσαι
425 1330 467 1400 ἄν
477 1360 508 1401 τι
519 1332 650 1401 τούτων
662 1334 920 1419 διαπρίξασθαι;

239 1437 309 1498 ΑΛ.
340 1426 392 1498 Οὐ
404 1434 495 1517 δῆτα.

115 1539 136 1589 λ)
243 1533 314 1596 Σέλ.
351 1520 842 1615 Οὐδέγεᾶλλονοίμαιοδδέυα.

241 1633 312 1694 ΑΛ.
346 1623 529 1714 Οὕμέντοι.

237 1744 311 1807 ΣΩ.
344 1736 460 1807 Κακόν
477 1737 542 1827 ἄρ’,
567 1736 611 1819 ὡς
626 1744 750 1825 ἔοικεν,
772 1741 861 1808 ἐστὶν
878 1736 898 1826 ἡ
915 1747 978 1807 τοῦ
988 1745 1159 1826 βελτίστου

155 1834 273 1921 ίίγνοια
284 1837 339 1904 καὶ
349 1838 387 1902 τὸ
399 1834 534 1922 ἀγνοεῖν
544 1835 581 1905 τό
592 1840 773 1925 βέλτιστον.

238 1956 309 2019 ΑΛ.
333 1948 578 2038 Ἕμοιγεδοκεῖ.

236 2069 312 2131 ΣΩ.
347 2061 485 2132 Οὐκοῦν
495 2067 549 2132 καί
562 2067 677 2154 έκείνφ
688 2066 820 2142 καὶτοῖς
831 2062 942 2142 ἄλλοις
953 2063 1095 2147 &naam

236 2168 307 2229 ΑΛ.
340 2168 438 2248 Φημί.

235 2279 300 2342 vn.
339 2279 414 2341 Σίδ.
447 2272 518 2341 Ἔτι
533 2282 649 2342 τοίνυν
663 2277 719 2344 καὶ
735 2274 811 2344 τόδε
834 2277 1107 2362 ἐπισκεψώμεθα·
1131 2287 1162 2345 ελ

152 2391 204 2439 σοι
216 2369 334 2440 αὐτίκα
344 2372 431 2458 μάλα
442 2379 642 2460 παρασταίη,
664 2376 812 2462 οἰηθέντι
824 2378 955 2462 βέλτιον
966 2373 1066 2458 εἶναι,
1089 2381 1158 2442 Πε-

151 2471 264 2554 ρικλέα
280 2468 340 2538 τὸν
355 2478 498 2538 σεαυτοῦ
513 2471 691 2554 ἐπίτροπόν
708 2497 743 2539 τε
759 2475 814 2540 καὶ
824 2479 940 2556 φίλον,
962 2475 1159 2557 ἐγχειρίδιον

152 2566 315 2654 λαβόντα,
336 2567 481 2635 ἐλθόντα
498 2570 550 2637 ἐπὶ
565 2566 624 2648 τὰς
639 2568 765 2654 θύρας,
789 2575 892 2639 εἰπεῖν
910 2577 941 2638 εί
958 2574 1057 2638 ἔνδον
1078 2572 1157 2656 ἐστί,

82 2685 134 2741 144
150 2665 360 2754 βουλόμενον
373 2663 563 2735 ἀποκτεῖναι
574 2663 831 2753 αὕτὸνέκεῖνον,
854 2668 957 2737 ι’ίλλου
968 2669 1003 2737 δὲ
1014 2672 1157 2755 μηδένα·

150 2769 185 2833 οί
197 2765 233 2833 δὲ
245 2778 343 2851 φαῖεν
355 2770 454 2834 ἔνδον
471 2764 554 2834 εἶναι
564 2806 607 2818 -
617 2767 672 2834 καὶ
684 2763 726 2833 οὐ
741 2770 825 2851 λέγω
836 2769 965 2836 ἐθέλειν
975 2765 1019 2834 ίίν
1028 2786 1066 2834 σε
1076 2767 1158 2835 τού,

150 2889 218 2932 των
227 2888 259 2930 τι
269 2862 440 2951 πράττειν·
463 2859 539 2930 ἀλλ’
556 2867 602 2949 εί,
626 2860 731 2948 οἶμαι,
754 2864 859 2944 δόξειέ
873 2884 942 2951 σοι,
955 2862 1039 2950 ὅπερ
1050 2861 1159 2933 οὐθὲν

150 2960 271 3030 κωλύει
289 2962 399 3050 δήπου
415 2969 463 3051 τῷ
477 2986 515 3047 με
528 2957 707 3046 ἀγνοοῦντι
716 2960 754 3029 τδ
766 2963 937 3049 βέλτιστον
947 2969 1158 3047 παραστῆναι

150 3059 228 3130 ποτὲ
250 3062 366 3149 δόξαν,
390 3059 474 3129 ὥστε
495 3060 654 3148 οἰηθῆναι
675 3062 729 3129 καὶ
747 3058 784 3129 τό
806 3060 967 3130 κάκιστόν
987 3084 1067 3129 ποτε
1079 3064 1157 3148 βέλ-

149 3181 260 3228 τιστον
272 3158 371 3228 εἶναι·
383 3155 405 3246 ἢ
416 3157 478 3227 οὐκ
489 3153 532 3226 δν
542 3163 635 3227 δοκεῖ
644 3177 712 3242 σοις

231 3265 303 3326 ΑΛ.
335 3257 434 3326 Πάνυ
447 3249 591 3345 μὲνοῦν.

217 3362 297 3423 m.
332 3362 383 3426 El
389 3348 456 3427 οὖν
465 3355 647 3443 παρελθών
657 3365 735 3425 εῖσυ
747 3357 801 3424 καὶ
815 3353 898 3426 ἰδών
908 3353 1013 3425 αὐτὸν
1023 3358 1156 3427 ἐκεῖνον
