2408 3780
68 222 120 279 107
460 212 689 272 ΦΛΙΔΡΟΣ.
1009 209 1072 272 245

66 375 176 463 μόνον
186 375 260 457 περὶ
271 373 381 458 λόγων
394 369 551 458 ἀκήκοας,
564 368 602 449 δίς
613 373 649 438 έν
658 369 739 459 Ἰλίηε
751 370 962 456 σχολάζοντες
973 389 1072 437 συνε-

64 473 339 560 μραψτέτην,τω”υ
350 472 385 538 δὲ
397 469 620 555 Παλαμήδους
630 465 773 555 ἀνήκοος
782 469 937 553 μέμοναςς
1090 473 1110 529 (λ

154 576 245 637 ΦΑΙ.
278 568 344 636 Καὶ
361 570 416 636 ναὶ
433 565 478 653 μὰ
495 563 552 633 Δί’
571 570 674 652 ἔμοιγε
688 574 757 634 τῶν
772 568 955 651 Νέστορος,
979 571 1009 633 εί
1027 561 1071 652 μὴ

65 674 214 753 Γοργίαν
223 664 377 751 Νέστορα
394 690 468 732 τινα
485 662 750 750 κατασκευάζεις,
773 662 879 749 ἤτινα
891 663 1073 747 Θρασύμα-

65 764 128 851 χόν
137 789 173 832 τε
184 764 240 832 καὶ
253 763 431 847 Θεόδωρον
438 759 606 830 Ὀδυσσέα.

151 866 258 930 XLIV.
304 865 378 927 ΣΩ.
403 857 507 938 Ἴσως.
541 856 625 925 ἀλλὰ
642 857 706 942 γὰρ
724 857 864 936 τούτους
882 862 1001 944 ἐῶμεν·
1031 857 1073 924 σύ

65 957 100 1026 δ’
115 961 200 1042 είκέ,
212 961 250 1026 ίυ
259 961 482 1044 δικαστηρίοις
492 959 527 1024 οί
535 954 697 1024 ἀντίδικοι
707 962 740 1024 τί
749 960 889 1041 δριῖσιυς
908 955 970 1025 οὐκ
981 954 1074 1023 ἄντι-

65 1061 202 1142 λένονσι
212 1059 341 1141 μέντοι,
355 1049 377 1141 ἢ
388 1060 421 1122 τί
430 1054 599 1141 φησομευς

99 1158 103 1166 “
153 1158 243 1220 ΦΑΙ.
280 1150 380 1220 Τοῦτ’
392 1149 485 1221 αὐτό.

152 1256 227 1319 ΣΩ.
262 1252 346 1336 Περὶ
357 1259 418 1319 τοῦ
429 1255 560 1318 δικαίου
570 1275 605 1317 τε
615 1252 669 1317 καὶ
680 1247 814 1331 ἀδίκους

154 1355 243 1418 ΦΑΙ.
277 1354 353 1415 Ναί.

151 1451 226 1514 ΣΩ.
262 1444 397 1514 Οὐκοῦν
416 1443 433 1513 ὁ
451 1449 545 1532 τέχνη
563 1450 661 1511 τοῦτο
680 1447 770 1528 δρῶν
788 1445 916 1531 ποιήσει
927 1451 1074 1530 φανῆναι

64 1545 103 1615 τό
122 1541 204 1615 αὐτὸ
222 1557 291 1624 τοῖς
307 1540 419 1621 αὐτοῖς
434 1543 507 1611 τοτὲ
524 1543 585 1627 μὲν
596 1546 741 1627 δίκαιον,
763 1541 845 1610 ὅταν
857 1544 892 1609 δὲ
903 1542 1071 1628 βούληται,
1091 1554 1113 1606 Ι)

65 1645 204 1725 ἄδικονς

154 1748 244 1811 ΦΑΙ.
280 1748 321 1809 Τι
329 1767 414 1827 μην

152 1847 227 1909 ΣΩ.
251 1843 316 1909 Καὶ
331 1843 368 1907 ἐν
386 1843 568 1925 δημηγορίᾳ
585 1834 625 1922 δὴ
642 1845 682 1922 τῆ
699 1839 792 1905 πόλει
810 1843 920 1905 δοκειν
937 1862 977 1904 τα
988 1834 1072 1903 αὐτα

65 1926 353 2026 τοτδμένᾶμαδα,
365 1933 480 2003 τοτεδ’
495 1926 721 2011 αὖτᾶναυτίας

154 2042 243 2104 ΦΑΙ
276 2033 400 2113 Οὕτως.

152 2139 228 2202 ΣΩ.
262 2132 330 2200 Τόν
346 2125 412 2199 οὖν
423 2129 608 2199 Ἐλεατικὸν
622 2131 828 2218 Παλαμήδην
850 2135 988 2218 λέγοντα
1011 2131 1074 2202 οὐκ

65 2242 164 2317 ίσμευ
174 2232 280 2318 τέχνη,
294 2227 377 2296 ὥστε
388 2235 568 2314 φαίνεσθαι
579 2243 646 2306 τοῖς
658 2226 818 2298 ἀκούουσι
829 2228 869 2297 τδι
881 2228 965 2300 αὐτὰ
976 2230 1074 2316 ὅμοια

64 2330 122 2397 καὶ
139 2325 297 2414 ἀνόμοια,
320 2329 375 2396 καὶ
394 2329 431 2394 ἓν
447 2329 502 2395 καὶ
520 2325 643 2410 πολλοί,
666 2328 809 2411 μένοντά
825 2353 859 2394 τε
878 2321 923 2395 αὖ
938 2330 995 2396 καί
1012 2354 1074 2413 φε-

64 2426 208 2513 ρόμενα;

55 2613 56 2616 ,
153 2529 243 2592 ΦΑΙ
274 2523 437 2608 Μέλανι

151 2628 226 2690 Σέλ.
260 2618 369 2690 οὐκ”
347 2647 413 2706 αρα
425 2619 532 2708 μόνον
543 2622 617 2706 περὶ
630 2619 822 2707 δικαστήρια
832 2645 867 2688 τε
862 2617 1029 2707 ’έστινὴ’
1011 2648 1074 2688 αν-

64 2716 213 2836 τιλοχικη
224 2720 279 2788 καλ
290 2723 364 2801 περὶ
376 2724 596 2840 δημηηορίαν,
608 2714 682 2786 ἄλλ’
686 2714 754 2802 ,ὡς
764 2722 850 2786 ἔοικε
857 2722 951 2805 ,περὶ
963 2744 1072 2787 ταντα
1088 2727 1109 2778 Ε

65 2842 107 2914 τα
125 2813 288 2901 λεγόμενα
305 2822 362 2901 μία
381 2843 429 2895 τις
445 2820 596 2902 τέχνη,ε
598 2823 673 2899 ίτιερ
684 2819 788 2901 ἔστιν,
811 2813 894 2903 αὕτη
907 2843 950 2884 αν
961 2824 1027 2901 είη,
1050 2839 1072 2901 η

64 2940 115 2994 τις
103 2908 247 2992 olo's'
217 2938 235 2981 τ
267 2918 356 2981 ἔσται
371 2922 440 2981 ιιιῖν
450 2910 577 2982 παντὶ*
560 2922 701 2999 ομοιοῦν
711 2921 780 2981 τῶν
794 2917 947 2982 δυνατων
957 2912 1013 2980 καί
1024 2905 1073 2987 οἷς

65 3013 232 3097 δυνατον,
253 3014 308 3079 καὶ
324 3009 463 3079 αλλου“
446 3019 641 3097 ομοιοῦντος
653 3039 707 3080 και
696 3008 1016 3097 ἀποκρυπτομένου
1027 3011 1073 3084 είς

64 3109 254 3198 νῶεᾶνυν

152 3214 243 3276 ΦΑΙ.
277 3215 356 3288 Πως
367 3206 456 3295 δη
421 3234 457 3276 το
470 3233 623 3277 τοιουτου
634 3211 754 3292 λεχεις
1047 3274 1058 3281 .

150 3312 225 3375 Σέλ
257 3311 342 3394 Τηδε
354 3310 442 3373 δοκω
453 3311 584 3391 ζητουσι
595 3313 785 3392 φανεῖσθαι
813 3256 1081 3455 ιἰιιιὶτηκότερ1

65 3397 882 3493 ἐυπολύδιαφέρουσιγίμνεταιμᾶλλουηὀλίηους
1052 3416 1056 3423 ’
