2408 3780
69 209 104 266 67
261 203 584 263 ΑΛΚῙΒΙΑΔΗΣ
602 204 871 264 ΔΕΥΤΕΡΟΣ.
1015 202 1080 284 337

154 369 228 527 gg.
261 367 435 545 ἕόόνιμόν
444 463 481 527 τί
487 485 524 545 γε
536 457 640 528 αὐτόν
652 460 804 548 φήσομεν
815 463 870 529 καὶ
881 459 1078 547 ἀποχρῶντα

70 557 261 644 ξύμβουλον
280 559 334 625 καλ
352 563 394 646 τῇ
404 556 499 625 πόλει
514 558 569 625 καὶ
586 555 691 624 αὐτὸν
702 554 794 645 αύτῶ
803 583 809 597 ·
832 556 893 626 τόν
906 560 941 627 ἀὲ
953 559 996 646 μὴ
1011 584 1080 627 τοι·

70 663 172 722 οὕτον
183 652 342 722 τάναντία
351 653 490 721 τούτων.
505 649 528 742 η’
540 661 609 732 πῶς
621 660 724 734 δοκεῖς

153 759 224 820 ΑΛ.
251 749 537 838 Ἐμοὶμὲνούτως.
649 780 652 785 ·

154 857 206 918 IX.
249 858 325 918 Σίλ.
359 857 401 917 Τί
416 848 446 916 δ’
467 859 500 919 εί
512 876 560 929 τις
577 845 763 937 ἱππεύεινῆ
773 851 921 930 τοξεύειν
932 849 1037 938 οίάεν,
1056 848 1079 939 η’

69 938 115 1012 αὖ
134 948 313 1015 πυκτεύειν
332 942 352 1034 η’
369 953 521 1016 παλαίειν
537 947 560 1034 ἀρ’
581 975 612 1016 τι
633 956 692 1036 τῆς
708 948 809 1036 ἀλλης
827 947 970 1035 ἀγωνίας
985 945 1007 1035 ἢ
1025 953 1079 1017 καὶ

68 1044 149 1112 ἀλλο
168 1072 199 1112 τι
211 1054 280 1112 τῶν
291 1043 454 1114 τοιούτων
464 1044 528 1114 ὅσα
544 1052 640 1136 τέχνη
651 1051 805 1134 οίόαμεν,
826 1055 860 1116 τί
869 1057 978 1127 καλεῖς
991 1043 1026 1128 ὃς
1036 1043 1080 1114 ἀν
1097 1064 1118 1113 Ι)

68 1145 139 1228 εἰδῇ
151 1143 187 1209 τὸ
206 1140 288 1211 κατά
306 1145 432 1230 ταύτην
449 1142 510 1231 τὴν
528 1147 646 1230 τέχνην
656 1147 786 1231 βέλτιον
796 1145 1012 1232 γιγνόμενονς
1036 1143 1077 1212 οὐ

67 1235 127 1306 τὸν
139 1237 222 1306 κατά
233 1237 295 1326 την
306 1241 445 1328 ίππικην
457 1242 612 1324 ίππικόν;

151 1345 222 1406 ΑΛ.
244 1338 377 1424 Ἔγωγε.

150 1442 225 1504 ΣΩ.
263 1435 330 1503 Τόν
342 1439 381 1504 δέ
390 1462 437 1521 με,
450 1434 550 1522 οἶμαι,
561 1436 645 1505 κατά
656 1437 717 1523 την
729 1435 892 1524 πυκτικην
903 1438 1075 1524 πυκτικόν,

66 1530 127 1600 τόν
143 1532 179 1600 δὲ
196 1531 269 1601 κατ’
289 1533 470 1620 αὐλητικὴν
488 1532 667 1621 αύλητικόν
674 1540 688 1621 ,’
703 1537 757 1602 καὶ
767 1528 872 1603 τᾶλλα
889 1535 999 1623 δήπου
1010 1534 1075 1604 ἀνὰ

67 1631 170 1716 λόγον
181 1632 324 1710 τούτοις·
337 1628 358 1719 ἢ
370 1630 478 1711 ἀλλοις
488 1657 574 1714 πως;

151 1737 221 1798 ΑΛ.
257 1728 431 1815 οὔκων
447 1729 562 1811 οὕτως.

152 1835 226 1896 Σίλ.
262 1838 368 1896 Δοκεῖ
382 1822 446 1896 ούν
465 1849 518 1898 σοι
535 1828 718 1914 ἀναγκαῖον
738 1829 821 1898 εἶναι
836 1828 897 1898 τὸν
910 1833 983 1918 περὶ
994 1830 1074 1900 τού-

66 1953 134 1994 των
152 1927 352 2014 ἐπιστήμονα
369 1925 450 1994 ὄντα
469 1927 532 2012 ἀρα
551 1931 605 1996 καὶ
620 1927 728 2015 ἀνδρα
746 1929 914 2016 φρόνιμον
931 1929 1029 2016 εἶναι,
1052 1925 1074 2016 ἢ

65 2031 192 2092 πολλοῦ
203 2025 354 2112 φήσομεν
367 2026 491 2106 ἐνδεῶς
1093 2048 1112 2096 Ε

154 2131 224 2192 ΑΛ.
256 2131 392 2192 Πολλού
402 2126 515 2209 μέντοι
525 2121 567 2210 νὴ
580 2130 655 2193 Δία.
688 2148 690 2152 “

152 2229 226 2290 Σίλ.
259 2227 367 2290 Ποίαν
375 2215 508 2291 ούνοίει
517 2230 685 2291 πολιτείαν
696 2223 780 2291 εἶναι
791 2230 934 2304 τοξοτῶν
944 2251 979 2293 τε
991 2223 1074 2309 dyoc-

60 2326 142 2385 ,θῶν
153 2322 208 2385 καὶ
220 2317 391 2405 αὐλητῶν,
414 2325 462 2387 ἔτι
479 2321 515 2389 δὲ
528 2317 687 2407 ἀθλητῶν
697 2324 752 2389 καὶ
762 2330 831 2389 τῶν
842 2321 955 2390 ἀλλων
965 2348 1073 2408 τεχνι-

66 2424 151 2502 τῶν,
174 2415 449 2503 ἀναμεμιγμένων
466 2417 498 2486 δ’
519 2421 556 2487 ἐν
572 2419 734 2499 τοιούτοις
750 2414 799 2499 οἷς
811 2418 885 2504 ἀρτι
896 2419 1072 2507 εἰρήκαμεν

65 2523 135 2584 τῶν
146 2542 180 2582 τε
194 2513 275 2583 αύτό
293 2514 330 2584 τό
342 2526 498 2603 πολεμεῖν
510 2518 649 2587 εἰδότων
659 2521 714 2586 καλ
726 2515 806 2586 αύτό
819 2514 856 2587 τό
870 2515 1071 2587 ἀποκτιννύ-

64 2640 138 2699 ναι,
163 2611 246 2697 πρὸς
265 2613 300 2681 δὲ
318 2616 373 2683 καὶ
392 2614 527 2700 ἀνδρῶν
544 2618 730 2702 ῥητορικῶν
747 2613 918 2685 πολιτικόν
936 2616 1073 2704 φύσημα
1097 2662 1112 2723 5

65 2710 265 2798 φυσώντων,
277 2708 436 2781 ἀπόντων
448 2713 483 2782 δὲ
496 2712 626 2783 τούτων
637 2714 746 2783 όντων
757 2714 840 2783 ἀνευ
856 2724 913 2803 τῆς
923 2725 984 2784 τοῦ
994 2723 1072 2803 βελ-

64 2817 178 2878 τίστου
189 2810 365 2898 ἐπιστήμης
376 2813 431 2882 καὶ
441 2820 503 2881 τού
513 2814 654 2901 είάότος,
677 2810 776 2882 ὁπότε
793 2816 925 2902 βέλτιον
936 2817 985 2884 ἑνὶ
996 2813 1072 2884 ἕκά-

64 2929 130 2998 οτην
142 2907 271 2977 τούτων
281 2919 426 2996 χρῆσθαι
438 2913 493 2980 καλ
506 2908 588 2996 πρὸς
597 2919 687 2993 τίνας
1091 2934 1141 2988 146

148 3014 219 3074 ΑΛ.
254 3009 392 3095 Φαύλην
403 3007 477 3078 τινά
490 3015 607 3096 ἔγωγε,
621 3004 843 3096 ῶΣῶκραπες.

148 3112 222 3176 Σίλ.
257 3112 360 3192 Φαίης
371 3134 409 3193 γε
420 3106 472 3193 ἀν,
486 3105 591 3196 οἶμαι,
604 3106 731 3180 ὁπόταν
742 3105 850 3200 ὁρηόης
861 3110 920 3176 ἕνα
931 3111 1072 3178 ἕκαστον

42 3244 47 3252 »
65 3205 178 3275 αὐτῶν
195 3205 476 3291 φιλοτιμούμενόν
492 3232 527 3274 τε
544 3207 600 3274 καὶ
617 3209 760 3292 νέμοντα
778 3204 814 3275 τὸ
837 3213 992 3276 πλεῖστον
1014 3214 1072 3295 τῆς

63 3311 227 3382 πολιτείας
236 3303 343 3393 τούτω
355 3305 469 3392 μέρος,

215 3399 262 3470 ἵν’
277 3399 377 3481 αύτὸς
389 3399 495 3471 αὑτοῦ
508 3402 653 3492 τνγχάνη
665 3403 837 3491 κράτιστος
849 3400 913 3472 ῶν·

149 3497 240 3551 Puro
260 3495 292 3551 ΙΙ.
898 3500 944 3551 Ἦ
