2408 3780
385 191 735 249 ΠΑΡΜΕΝΙΔΗΣ.
1021 190 1063 250 45

57 355 168 436 μετείη
186 351 241 417 καὶ
258 352 422 435 μεγέθους
433 353 488 417 καὶ
500 349 723 435 σμικρότητος.
750 348 888 418 Ἔοικεν.
921 350 1065 436 Καὶμήν

57 450 110 516 καὶ
124 447 241 527 οὐσίας
251 473 289 533 γε
301 445 440 516 δείαύτδ
452 449 598 532 μετέχειν
609 471 664 535 κη.
694 455 772 528 Πῶς
782 449 824 536 δη’
831 477 841 531 ς
855 447 965 534 Ἕχειν
980 446 1062 517 αὐτὰ

57 551 110 614 δεῖ
118 546 226 627 αὐτας
238 543 281 626 ὡς
291 552 438 633 λέγομεν.
473 551 504 614 εί
511 547 576 631 γάρ
586 544 630 632 μὴ
641 546 747 625 οὕτως
758 552 841 633 ἔχοι,
853 545 916 615 οὐκ
928 544 971 614 άν
983 546 1064 634 άλη-

55 653 105 733 θῆ
122 649 277 731 λέγοιμεν
291 642 384 733 ἡμεῖς
401 650 551 732 λέγοντες
565 644 604 712 τύ
623 648 659 712 ἓν
676 644 720 732 μη
733 644 830 713 εἶναι·
854 652 885 714 εί
894 646 929 714 δὲ
940 644 1062 732 άληθῆ,

57 748 162 830 δῆλον
179 741 230 812 ὅτι
246 742 327 811 ὄντα
344 741 429 811 αὐτά
447 748 602 829 λέγομεν·
624 739 646 830 η’
664 741 724 830 οὐχ
742 744 863 824 οὐτας;
888 742 986 813 Οὕτω
1003 744 1064 828 μὲν

57 835 129 909 οὐν.
159 839 288 928 Ἐπειδὴ
301 845 340 911 δέ
347 868 458 929 φαμεν
469 840 580 929 ἀληθῆ
592 843 715 927 λέγειν,
728 842 855 929 ἀνάγκη
866 843 947 931 ἡμῖν
958 843 1063 927 φάναι

55 943 111 1010 καὶ
122 940 330 1027 ὅνταλέγειν.
353 941 504 1028 Ἀνάγκη.
520 941 629 1008 Ἕστιν
639 939 720 1026 άρα,
733 937 777 1019 άς
789 946 891 1026 ἔοικε,
903 939 940 1008 τὸ
953 942 990 1007 ἓν
1001 938 1063 1007 οὐκ
1080 955 1131 1010 162

56 1038 106 1108 δν.
140 1041 248 1127 είγάμ
258 1040 301 1129 μὴ
314 1047 403 1111 ἔσται
414 1040 457 1129 μὴ
470 1040 530 1124 ὅν,
547 1037 631 1107 άλλά
640 1065 671 1106 τι
681 1047 742 1106 τοῦ
754 1039 838 1108 εἶναι
849 1039 966 1128 ἐνήσει
979 1038 1062 1125 πρὸς

55 1138 91 1207 εδ
110 1137 156 1226 μὴ
176 1137 276 1227 εἶναι,
301 1136 407 1220 εὐθύς
423 1145 513 1208 έσται
530 1136 580 1206 ὅν.
613 1138 810 1207 Παντάπασι
821 1139 881 1226 μέν
892 1134 965 1208 οὐν.
999 1149 1062 1207 Λεί

55 1237 120 1322 ἄρα
132 1236 214 1307 αὐτὰ
227 1237 351 1326 δεσμὸν
362 1245 447 1326 ἔχειν
457 1245 518 1306 τοῦ
529 1234 573 1324 μὴ
586 1234 669 1303 εἶναι
678 1234 714 1304 τδ
728 1236 812 1306 εἶναι
822 1240 866 1326 μη
878 1238 929 1324 ὅν,
944 1246 973 1308 εί
982 1245 1061 1326 μέλ·

56 1344 103 1403 λει
113 1334 159 1423 μὴ
172 1335 272 1423 εἶναι,
296 1334 416 1423 ὁμοίως
429 1335 539 1420 ὥσπερ
550 1334 588 1402 τό
601 1328 642 1401 ὐν
652 1333 689 1402 τὸ
701 1334 745 1422 μὴ
758 1332 799 1404 ὐν
809 1342 895 1423 ἔχειν
906 1337 950 1424 μὴ
964 1337 1058 1423 εἶναι,

54 1439 110 1502 ἵνα
126 1438 247 1516 τελέως
261 1429 305 1503 αὐ
317 1435 400 1503 εἶναι
411 1427 442 1523 ᾗ
477 1431 583 1512 οὕτως
593 1431 657 1520 γάρ
670 1430 713 1502 άν
723 1434 762 1504 τό
772 1463 807 1504 τε
819 1433 861 1505 ὐν
872 1437 1003 1523 μάλιστ’
1016 1433 1060 1505 άν

54 1543 104 1620 είη
122 1536 179 1603 καί
192 1531 230 1602 τὸ
249 1533 293 1621 μη
312 1530 353 1603 ὐν
371 1532 433 1602 οὐκ
444 1530 565 1620 άνείη,
587 1536 762 1619 μετέχοντα
772 1534 809 1602 τό
823 1537 884 1622 μὲν
895 1533 936 1604 δν
945 1535 1060 1616 οὐσίας

54 1658 115 1699 του
98 1631 254 1700 ”’ἐίνιιι
234 1658 291 1720 ον,
314 1633 358 1719 μὴ
370 1631 484 1710 οὐσίας
495 1631 531 1699 δέ
543 1639 605 1699 τοῦ
616 1630 699 1698 εἶναι
710 1631 754 1719 μὴ
767 1631 862 1718 ὅν,ε
848 1641 878 1702 εί
886 1640 995 1721 μέλλει
1006 1662 1061 1702 τε-
1078 1648 1098 1697 Β

54 1732 136 1811 λέας
146 1730 248 1817 εἶναι,
269 1758 306 1800 ιο
297 1729 407 1800 δὲ
365 1759 409 1819 μη
422 1727 463 1799 ὂν
473 1729 517 1816 μὴ
532 1727 646 1809 οὐσίας
656 1735 718 1816 μὲν
728 1741 789 1800 τοῦ
799 1733 843 1821 μὴ
858 1734 941 1802 εἶναι
951 1732 995 1823 μὴ
1008 1733 1059 1818 ὅν,

56 1827 172 1909 οὐσίας
188 1830 223 1899 δὲ
239 1856 300 1898 τον
288 1826 461 1899 εἶναι
419 1856 463 1915 μη
482 1827 593 1913 ὅν,εεί
609 1830 663 1896 καὶ
674 1827 711 1896 τὸ
723 1828 768 1917 μὴ
780 1827 822 1900 ὂν
832 1859 875 1899 αν
864 1826 1004 1912 τελέας
1015 1830 1059 1918 μὴ

55 1935 155 1997 ἔσται
183 1927 414 2016 Ἀληδέστατα
449 1925 586 1994 Οὐκοῦν
602 1930 734 2024 ἐπείπερ
750 1938 797 2020 τῷ
813 1957 848 1998 τε
859 1957 931 1999 οντι
941 1957 1003 1999 τον
1014 1928 1058 2016 μὴ

55 2027 139 2097 εἶναι
150 2031 206 2097 καί
217 2036 264 2117 τῷ
275 2026 319 2115 μὴ
331 2026 403 2096 ὄντι
414 2052 474 2093 τον
462 2023 570 2092 εἶναι
581 2029 725 2112 μέτεστι,
745 1998 799 2097 κάὶ
809 2057 855 2119 τῳ
843 2032 933 2115 ἑνί,
946 2027 1057 2115 ἐπειδὴ

55 2124 115 2195 οὐκ
127 2132 206 2213 ἔστι,
218 2133 279 2196 τοῦ
290 2125 374 2194 εἶναι
383 2122 511 2210 άνάγκη
522 2139 666 2208 μετεῖναι
676 2132 721 2205 είς
729 2127 766 2194 τό
776 2124 820 2215 μὴ
832 2127 923 2196 εἶναι.
942 2127 1058 2213 Ἀνάγ-

55 2251 104 2311 κη.
125 2227 193 2294 Καὶ
206 2225 302 2294 οὐσία
314 2225 354 2311 δὴ
366 2229 575 2311 φαίνεταιτῷ
589 2224 653 2308 ἑνί,
667 2230 696 2291 ελ
706 2222 750 2311 μὴ
763 2231 862 2293 ἔστιν.
892 2233 1057 2294 Φαίνεται.

54 2324 117 2392 Καὶ
134 2322 180 2411 μὴ
198 2321 294 2392 οὐσία
312 2321 392 2407 ἄρα,
415 2331 506 2404 είπερ
523 2320 567 2407 μη
586 2326 683 2388 ἔστιν.
714 2331 793 2401 Πῶς
805 2322 836 2392 δ’
849 2324 907 2404 οὐ;
930 2320 1058 2391 Οίόντε

54 2416 116 2491 οὐν
125 2420 163 2490 τδ
177 2428 252 2509 ἔχον
264 2446 333 2500 τινος
343 2420 386 2508 μὴ
400 2426 485 2506 ἔχειν
497 2416 602 2501 οὕτω,
614 2420 658 2505 μὴ
670 2422 878 2508 μεταβάλλον
889 2425 926 2489 ἐκ
938 2422 1059 2507 ταύτης

10 2530 14 2537 ’
54 2522 232 2607 τηςέξεωςς
256 2519 327 2608 Οὐχ
340 2517 466 2589 οἷόντε.
496 2525 571 2584 Πάν
583 2514 647 2601 ἄρα
658 2516 695 2586 τὸ
707 2528 861 2588 τοιοῦτον
872 2518 1058 2608 μεταβολὴν

54 2626 218 2705 σημαίνει,
241 2616 261 2687 δ
280 2614 428 2688 άνούτω
445 2616 552 2686 τεκαὶ
569 2613 614 2702 μὴ
632 2615 737 2698 οὕτως
754 2625 820 2707 ἔχη.
852 2626 930 2698 Πῶς
947 2616 977 2686 δ’
997 2616 1040 2685 οὐ
1046 2648 1056 2700 3
1075 2635 1094 2685 c

55 2717 231 2807 Μεταβολη
244 2717 279 2786 δὲ
289 2726 432 2805 κίνησις,
443 2715 465 2807 ἢ
475 2723 508 2783 τί
517 2713 683 2801 φήσομεν;
697 2724 845 2806 Κίνησις.
871 2716 1008 2786 Οὐκοῦν
1018 2723 1055 2790 τὸ

10 2816 13 2827 ’
56 2819 88 2883 ἓν
104 2816 146 2886 ὄν
156 2844 191 2887 τε
202 2819 256 2886 καὶ
267 2817 330 2886 οὐκ
342 2814 384 2887 ὐν
396 2821 519 2908 ἐφάνης
541 2828 619 2892 Ναί.
653 2814 769 2896 Οὐτας
780 2814 845 2902 άρα
856 2819 911 2885 καὶ
923 2815 983 2902 οὐχ
996 2815 1057 2883 οὐ-

55 2942 114 2996 τας
129 2923 207 3003 ἔχον
223 2925 383 3002 φαίνεται.
405 2918 545 2990 Ἔοικεν.
577 2921 643 2987 Καὶ
655 2918 856 3004 κινούμενον
868 2915 933 3002 ἄρα
943 2913 979 2983 τό
994 2913 1055 2981 οὐκ

55 3009 92 3083 ὐν
108 3019 146 3085 ἓν
163 3019 345 3102 πέφανται,
369 3020 499 3106 έιιείπερ
516 3023 572 3089 καὶ
588 3015 808 3106 μεταβολην’
792 3043 826 3084 εκ
838 3042 899 3083 τον
886 3013 993 3081 εἶναι
1005 3015 1056 3080 ἐπὶ

10 3144 12 3189 5
55 3111 87 3181 ιδ
105 3141 148 3202 μη
137 3114 257 3183 εἶναι
273 3120 356 3200 ἔχον
388 3118 596 3187 Κινδυνεύει.
622 3113 717 3184 Ἀλλά
737 3141 878 3201 μην
816 3121 845 3182 εί
855 3117 1010 3199 ηδαμου
1020 3137 1056 3195 γε

56 3215 118 3281 ἐστι
134 3241 202 3282 ταν
219 3213 346 3296 ὄντων,
371 3212 413 3294 ὡς
431 3214 493 3283 οὐκ
511 3222 617 3303 ἔστιν,
641 3226 732 3295 εἴπερ
750 3241 795 3333 μη
784 3211 913 3293 ἔστιν,
926 3200 1035 3276 οὐδ”
1014 3236 1057 3276 αν

10 3316 16 3375 Ἰ
57 3311 245 3393 μεθίσταιτό
263 3316 376 3380 κοθέν
384 3337 449 3381 ποι.
481 3322 559 3394 Πῶς
575 3315 658 3400 γάρς
683 3309 795 3380 οὐκ”
773 3337 880 3398 αμα
850 3336 894 3377 τω
907 3334 944 3394 γε
956 3335 1056 3396 μετα

10 3412 24 3481 Ἰ
57 3415 169 3479 θαίνειν
190 3406 353 3479 κινοῖτ’
339 3412 390 3480 άν
425 3412 477 3482 Οὐ
493 3414 565 3500 γάρ.
599 3411 688 3482 Οὐδὲ
705 3436 771 3500 μην
789 3413 824 3479 έν
840 3416 888 3502 τῷ
907 3407 1000 3499 αὐτα
1020 3403 1106 3476 'dm

10 3486 202 3659 Ἰ,
