2408 3780
59 177 96 233 7³
450 172 678 230 ΦΑΙΔΡΟΣ.
1001 170 1061 230 211

59 327 167 396 ἅπασί
182 347 235 396 σοι
253 337 405 412 παραινῶ
421 343 487 408 τοῖς
499 356 542 417 μη
556 331 654 412 ἐρῶσι
663 334 853 415 χαρίζεσθαι
892 327 954 413 ε’γῶ
967 332 1002 395 δὲ
1014 328 1064 395 οἷ-

59 453 118 513 μαι
138 421 214 492 οὐδ’
233 419 277 493 δν
295 424 354 493 τόν
372 429 497 508 ἐρῶντα
515 426 598 512 πρὸς
615 427 763 506 ἅπαντας
780 449 816 494 σε
827 427 974 495 κελεύειν
985 424 1063 504 τοὺς

59 527 206 608 ἐρῶντας
222 523 347 641 ταύτην
365 522 529 611 ἔχειντὴν
547 525 706 593 διάνοιαν.
741 524 899 612 οὔτεγὰρ
919 526 1063 615 τῷλόγῳ
1083 538 1101 588 c

60 623 266 709 λαμβάνοντι
276 623 406 707 χάριτος
417 632 490 710 ῖσης
502 623 613 708 ύξιον,
634 624 710 691 οὔτε
722 627 773 691 σοὶ
784 595 976 713 βουλομένῳ
988 623 1066 702 τούς

60 718 185 800 όῖλλους
207 719 424 788 λαυθύνειν’
411 728 531 807 ομοίως
555 721 714 789 δυνατόν
738 727 790 789 δει
808 722 843 790 δ
859 723 1039 809 βλάβην
1005 749 1065 830 μεν

60 816 117 887 ἀπ’
130 817 234 886 αύτου
222 824 424 906 μηδεμίαν,
436 817 600 905 ῶφέλειαν
614 817 979 905 δὲύμφοῖνγίγνεσθαι.
1002 807 1064 904 έγῶ

59 909 176 1004 μέν
134 943 197 986 ουν
208 917 306 984 ίκανύ
317 943 373 1004 μοι
384 916 550 1004 νομίζω
514 943 554 986 τα
566 944 580 986 ε
582 921 733 1005 ίρημένα·
757 924 787 986 εί
799 921 837 987 δέ
844 946 874 986 τι
885 918 929 986 σδ
940 929 1065 1004 ποθεῖς,

60 1015 247 1104 ἡγούμενος
258 1025 540 1102 παραλελεῖφθαι,
554 1017 669 1101 έρῶτα.

146 1121 184 1182 Χ.
231 1120 274 1183 Τί
292 1133 345 1182 σοι
366 1122 533 1202 φαίνεται,
565 1108 805 1201 ῶΣῶκρατες,
828 1113 845 1184 ὁ
870 1117 984 1201 λόγοςς
1006 1115 1065 1201 οὐχ

62 1211 244 1297 ὑπερφυῶς
255 1212 340 1281 τότε
352 1212 437 1282 ἄλλα
448 1217 580 1291 καὶτοῖς
593 1210 753 1300 ὀνόμασιν
765 1218 933 1300 είρησθαις
1082 1218 1102 1268 1)

148 1317 222 1379 ΣΩ.
252 1318 442 1398 Λαιμονίως
452 1312 512 1400 μέν
524 1305 602 1400 οὖν,
621 1306 647 1381 ῶ
659 1315 781 1399 ἑταῖρε,
797 1308 880 1380 ῶστε
892 1340 931 1398 με
943 1317 1066 1381 ἐκπλα-

62 1421 170 1498 γῆναι.
203 1411 366 1478 καὶτοῦτο
378 1411 441 1496 έγῶ
454 1416 584 1480 ἔπαθον
596 1409 649 1479 διδ
661 1413 713 1496 σέ,
737 1403 763 1478 ῶ
774 1416 912 1494 Φαῖδρε,
937 1412 1019 1494 πρὸς
1031 1413 1066 1479 σὲ

61 1509 273 1597 ἀποβλέπων,
285 1507 335 1577 ὅτι
346 1509 416 1594 ε’μοὶ
428 1509 552 1588 ἐδόκεις
564 1510 733 1595 γάνυσθαι
744 1507 809 1578 ὑπό
821 1518 881 1577 τοῦ
893 1510 996 1595 λόγου
1007 1537 1066 1596 με-

62 1607 144 1689 ταξύ
165 1607 433 1693 όναγιγνῶσκων.
466 1603 652 1694 ἡγούμενος
675 1607 738 1693 γὰρ
761 1611 796 1674 σὲ
819 1616 946 1693 μᾶλλον
968 1607 989 1693 ἢ
1010 1610 1065 1696 ε’μέ

62 1711 189 1777 ἐπαΐειν
210 1706 285 1790 περὶ
306 1713 372 1772 τῶν
394 1704 553 1773 τοιούτων
575 1709 627 1775 σοὶ
647 1707 800 1793 εἱπόμην,
832 1709 886 1774 καὶ
908 1707 1068 1793 ἑπόμενος

62 1805 312 1892 συνεβάκχευσα
324 1802 403 1889 μετὰ
415 1812 479 1871 σοῦ
489 1813 545 1891 τῆς
555 1813 650 1886 θειάς
660 1815 812 1892 κεφαλῆς.

148 1909 239 1970 ΦΑΙ.
270 1899 364 1969 Εἶεν·
384 1900 472 1970 οὕτω
484 1901 524 1990 δὴ
538 1908 630 1973 δοκεῖ
638 1911 778 1985 παίζειν;

149 2007 224 2069 ΣΩ.
255 2008 357 2068 Δοκῶ
367 2001 433 2087 γύρ
445 2024 497 2070 σοι
508 2007 635 2082 παίζειν
646 2004 700 2070 καὶ
711 2001 783 2088 οὐχὶ
794 2007 1052 2084 ἐσπουδακέναι;

151 2107 240 2168 ΦΛΙ.
272 2104 460 2187 Μηδαμῶς,
473 2094 500 2168 ῶ
509 2102 696 2187 Σῶκρατες,
708 2099 780 2169 ἀλλ’
797 2099 840 2182 ῶς
851 2101 986 2189 ἀληθῶς
997 2102 1065 2172 είπὲ
1083 2111 1103 2160 Ε

63 2198 149 2285 πρὸς
166 2199 249 2277 Διὸς
269 2207 400 2285 φιλίου,
423 2209 484 2268 οίει
505 2199 632 2269 ἅντινα
656 2206 741 2285 ἔχειν
759 2206 863 2269 εἰπεῖν
880 2200 983 2269 ἄλλον
1000 2210 1067 2269 τῶν

68 2300 228 2386 Ελλήνων
244 2298 338 2382 ἕτερα
354 2297 483 2366 τούτων
498 2304 595 2385 μείζω
612 2302 667 2367 καὶ
684 2306 785 2367 πλείω
803 2301 877 2380 περὶ
892 2308 951 2366 τοῦ
963 2299 1067 2367 αὐτοῦ

63 2399 271 2485 πραγματος;

150 2501 226 2566 ΣΩ.
261 2503 301 2562 Τί
320 2500 372 2575 δίς
396 2496 451 2563 καὶ
467 2494 571 2584 ταύτῃ
589 2501 639 2564 δεῖ
653 2493 712 2562 ὑπ’
726 2497 809 2580 ἐμοῦ
823 2497 922 2562 τεκαὶ
935 2502 1068 2562 σοῶτον

67 2594 169 2680 λόγον
181 2596 414 2680 ἐπαινεθῆναι,
435 2591 479 2672 ῶς
489 2591 528 2661 τό
541 2597 658 2662 δέοντα
670 2592 837 2679 εἰρηκότος
848 2602 909 2662 τού
919 2603 1067 2679 ποιητοῦ,

62 2690 144 2763 ἀλλ”
153 2690 216 2760 οὐκ
227 2697 333 2782 ἐκείνη
344 2692 460 2780 μόνον,
473 2691 524 2761 ότι
535 2701 627 2778 σαφῆ
636 2695 690 2760 καὶ
702 2691 898 2778 στρογγύλα,
909 2694 964 2761 καὶ
974 2691 1070 2777 ύκρι-

63 2799 132 2878 βῶς
149 2791 270 2858 ἕκαστα
287 2799 355 2858 τῶν
372 2789 546 2875 όυομότων
563 2791 855 2878 ἄποτετόρνευταις
875 2798 904 2860 εί
922 2789 986 2878 γὰρ
1009 2796 1067 2876 δεῖ,

66 2897 298 2978 συγχωρητέον
309 2892 406 2977 χάριν
417 2891 497 2978 σηύ,
519 2894 588 2961 ἐπεὶ
599 2895 657 2978 έμέ
664 2918 702 2978 γε
714 2898 835 2960 ἔλαθεν
846 2889 909 2959 ὑπὸ
923 2900 979 2976 τῆς
991 2895 1069 2976 ἐμῆς

64 2991 226 3071 ούδενίας.
260 3000 306 3079 τῷ
322 2989 385 3077 γαρ
404 2995 567 3081 ῥητορικῷ
579 2990 684 3058 αὐτοῦ
693 2991 786 3079 μόυφ
796 2989 857 3058 τόν
867 2996 952 3057 νοῦν
964 3008 1070 3071 προσ·
1086 2993 1138 3047 235

66 3105 173 3177 εῖχον,
195 3098 293 3158 τοῦτο
312 3092 347 3158 δὲ
358 3088 438 3158 οὐδὲ
449 3088 553 3158 αὐτόν
564 3088 659 3179 ᾤμην
669 3095 799 3156 Λυσίαν
809 3096 941 3156 οίεσθαι
951 3089 1069 3154 ίκανου

67 3187 160 3256 εἶναι.
184 3189 239 3256 καὶ
251 3180 313 3255 ούν
325 3214 381 3274 μοι
392 3193 520 3273 ἔδοξεν,
533 3179 561 3254 ῶ
572 3192 713 3272 Φαῖδρε,
732 3193 761 3254 εἰ
770 3185 815 3272 μή
827 3211 857 3251 τι
869 3183 912 3251 σύ
924 3182 1004 3251 ἄλλο
1017 3186 1071 3250 λε’-

65 3312 149 3372 γεις,
163 3290 213 3366 δὶς
223 3290 278 3354 καὶ
288 3289 356 3372 τρῖς
367 3290 406 3355 τὰ
418 3285 502 3355 αὐτὰ
515 3289 695 3373 εἰρηκέναι,
708 3283 752 3366 ῶς
763 3283 805 3352 ου’
815 3284 906 3353 πάνυ
918 3281 1070 3368 εύπορῶυ

63 3393 125 3453 τοῦ
147 3383 254 3453 πολλὰ
278 3388 385 3472 λέγειν
409 3388 483 3469 περὶ
504 3394 565 3452 τοῦ
582 3382 703 3471 αὐτοῦ,
727 3379 749 3471 ἢ
770 3394 848 3463 ἴσως
865 3380 964 3514 οὐδὲν
980 3380 1072 3467 αὐτῶ
1154 3456 1164 3463 .

875 3483 916 3535 Ἃ
