2408 3780
156 185 223 248 352
523 190 790 249 ΙΠΠΑΡΧΟΣ.
1130 196 1165 250 8⁸2-

159 356 232 438 χιής,
246 348 297 418 ὅτι
308 351 344 417 ἐν
354 351 442 440 μέσῳ
454 356 515 417 τοῦ
527 347 643 428 άστεος
655 349 780 416 καὶτοῦ
793 348 901 436 δήμου
913 351 1066 435 ἕστηκεν,
1078 351 1117 416 ἐν
1128 349 1165 416 δὲ

157 449 389 528 τοῖςέιτλδιξιά

183 561 188 570 ’
262 553 374 633 μνῆμα
384 543 456 614 τόδ’
465 543 658 633 Ἱππάρχου·
682 560 785 633 στεῖχε
802 551 913 615 δίκαια
925 550 1065 632 φρονῶν

158 652 272 731 φησίν.
297 649 364 713 ἔστι
378 647 413 713 δὲ
425 652 493 713 τοῖν
504 643 696 732 ποιημάτων
707 648 762 716 καὶ
772 646 855 716 άλλα
867 649 905 715 ἐν
915 640 1164 730 άλλοιςἙρμαΐς

159 742 266 812 πολλά
277 747 332 812 καὶ
342 742 426 813 καλά
439 747 717 831 ἐπιγεγραμμένα·
739 751 807 813 ἔστι
824 745 859 813 δὲ
875 746 982 831 δήκαὶ
999 749 1098 812 τοῦτο
1110 743 1161 810 ε’πλ

159 851 199 931 τή
209 851 387 932 Στειριαιιή
399 842 482 931 ὁδῷ,
494 847 531 911 ἐν
542 835 570 935 φ’
581 847 668 929 λέγει

119 961 141 1011 Β
261 951 373 1030 μνῆμα
384 942 457 1010 τόδ’
469 940 663 1028 Ἱππάρχου·
686 939 730 1028 μή
745 947 844 1025 φίλον
855 939 1006 1021 ἐξαπάτα.

158 1040 221 1126 ἐγώ
234 1032 297 1109 οὖν
311 1044 346 1109 σὲ
359 1043 429 1128 ἐμοὶ
441 1040 523 1110 ὅντα
534 1048 633 1129 φίλον
646 1038 687 1110 ού
704 1040 812 1127 δήπου
823 1040 976 1128 τολμῳην
987 1033 1031 1106 άν
1043 1040 1161 1118 ἐξαπα-

158 1146 221 1228 τᾷν
231 1143 286 1208 καὶ
298 1144 411 1232 ἐκείνῳ
424 1143 563 1232 τοιούτῳ
576 1140 649 1211 όντι
661 1137 825 1226 άπιστεῖν,
848 1132 889 1208 ού
899 1140 954 1206 καὶ
965 1135 1161 1206 ἀποθανόν-

160 1264 216 1318 τος
227 1244 300 1323 τρία
312 1245 366 1326 ἔτη
379 1240 675 1326 ἐτυραννεύθησαν
684 1238 854 1325 Ἀθηναῖοι
863 1236 927 1305 ύιιδ
939 1243 1001 1306 τοῦ
1012 1235 1160 1324 άδελφοό

159 1332 415 1424 αύτοῦἹππίου,
428 1341 483 1407 καὶ
494 1339 630 1407 πάντων
641 1333 685 1406 άν
696 1345 763 1407 τῶν
774 1345 925 1406 παλαιόν
935 1335 1097 1424 ήκουσας,
1110 1334 1159 1405 ότι

158 1443 261 1503 ταῦτα
272 1437 378 1522 μόνον
389 1438 429 1505 τά
440 1444 495 1526 ἔτη
506 1442 664 1523 τυραννὶς
676 1441 804 1523 ἐγένετο
816 1440 853 1505 ἐν
862 1435 1033 1522 Ἀθήναις,
1055 1431 1156 1503 τόνδ’

155 1531 260 1604 άλλον
270 1536 394 1622 χρόνον
405 1536 503 1624 ἐγγύς
513 1565 544 1607 τι
565 1545 645 1620 ἔζων
656 1536 826 1623 Ἀθηναῖοι
838 1535 948 1620 ὥσπερ
960 1538 1011 1604 ἐπὶ
1022 1533 1158 1618 Κρόνου

158 1635 401 1720 βασιλεύοντος.
428 1640 554 1724 λέγεται
573 1637 610 1706 δὲ
627 1633 693 1721 ὑπὸ
706 1643 774 1704 τῶν
789 1640 1008 1722 χαριεστέρων
1019 1630 1158 1719 ἀνθρύ-

119 1752 230 1804 σπων
252 1735 306 1801 καὶ
328 1733 345 1802 ὁ
369 1736 517 1816 θάνατος
538 1733 643 1804 αὐτοῦ
665 1739 824 1822 γενέσθαι
846 1732 887 1803 οὐ
905 1731 978 1802 δι’δι’
994 1737 1028 1801 ολ
1042 1732 1156 1801 πολλοὶ

156 1829 333 1919 ῳήδησαν,
352 1832 406 1900 διά
416 1832 480 1921 τήν
490 1842 548 1922 τής
558 1832 705 1921 ἀδελφῆς
723 1833 855 1921 ἀτιμίαν
871 1842 929 1920 τῆς
942 1837 1156 1918 κανηφορίας,

156 1930 225 1996 ἐπεὶ
240 1930 340 1998 τοῦτό
351 1957 388 2016 χε
400 1929 537 2018 εὔηθες,
556 1932 637 2001 άλλά
650 1933 710 2002 τόν
726 1937 787 2020 μὲν
801 1931 974 2020 Ἁρμόδιον
985 1932 1159 2015 γεγονέναι

157 2029 292 2096 παιδικά
309 2038 370 2097 τοῦ
386 2027 659 2117 Ἀριστογείτονος
675 2037 728 2103 καὶ
747 2038 989 2102 πεπαιδεῦσθαι
1005 2028 1061 2098 ὑπ’
1072 2033 1157 2099 ἑκεί-

155 2151 228 2194 νου.
245 2133 327 2212 μέγα
339 2127 370 2196 δ’
386 2129 521 2216 ἐφρόνει
532 2130 597 2215 άρα
608 2136 662 2201 καὶ
674 2131 691 2202 ό
702 2133 947 2220 Ἀριστογείτων
957 2131 1010 2199 ἐπὶ
1020 2137 1068 2218 τῷ
1078 2154 1156 2197 παι-

154 2230 269 2293 δεῦσαι
286 2226 471 2311 ἄνθρωπον
478 2280 487 2315 ,
509 2233 565 2299 καλ
588 2229 838 2319 ἀνταγωνιστήν
858 2228 968 2318 ήχελτο
992 2228 1076 2297 εἶναι
1097 2227 1157 2297 τόν

147 2320 337 2411 Ἵππαρχον.
369 2329 405 2393 ἐν
423 2330 537 2420 ἐκείνῳ
553 2331 589 2398 δὲ
606 2337 653 2416 τῷ
670 2330 778 2420 χρόνῳ
793 2327 898 2397 αὐτόν
913 2324 1157 2414 τόνἍρμόδιον

117 2444 140 2493 ο)
157 2426 331 2509 τυγχάνειν
348 2428 475 2510 ἐρῶντά
492 2454 580 2507 τινος
590 2437 658 2496 τιδν
669 2431 755 2496 νέαν
767 2453 802 2496 τε
817 2429 873 2496 καὶ
890 2432 1002 2495 καλῶν
1014 2427 1069 2493 καὶ
1080 2452 1157 2511 χεν·

154 2530 258 2590 ναίων
268 2531 336 2593 τῶν
347 2525 435 2594 τότε·
464 2527 519 2594 καὶ
536 2528 671 2612 λέγουσι
682 2526 831 2614 τούνομα
842 2524 963 2612 αὐτοῦ,
985 2525 1050 2611 ἐχά
1063 2527 1101 2594 δὲ
1116 2521 1155 2594 ού

151 2622 331 2708 μέμνημαι·
350 2620 410 2690 τόν
421 2617 485 2691 οὖν
496 2632 673 2695 νεανίσκον
683 2631 803 2695 τοῦτον
811 2629 891 2704 τέως
902 2627 963 2712 μὲν
973 2625 1154 2712 θαυμάζειν

153 2718 213 2786 τόν
222 2746 257 2787 τε
266 2718 442 2807 Ἁρμόδιον
451 2725 505 2792 καὶ
513 2721 836 2812 τδνἈριστοχείτονα
848 2722 891 2804 άς
900 2724 1038 2811 σοφούς,
1047 2729 1157 2792 ἔπειτα

149 2820 399 2906 συγγενόμενον
410 2831 456 2910 τῳ
472 2819 636 2914 Ἱππάρχῳ
656 2831 907 2910 καταφρονῆσαι
926 2825 1080 2910 ἐκείνων,
1102 2822 1154 2890 καὶ

152 2915 232 2998 τούς
243 2922 527 3008 περιαλγήσαντας
538 2925 642 3013 ταύτῃ
653 2932 694 3012 τῇ
711 2922 822 3014 ἀτιμία
840 2921 946 3002 οὕτως
962 2919 1154 2991 ἀποκτεῖναι

149 3015 407 3106 τόνἻππαρχον..

231 3125 301 3186 ΕΤ.
334 3115 729 3208 Κινδυνεύειςτοίνυν,τό
739 3124 933 3209 Σώκρατες,
954 3116 977 3208 ή
995 3118 1038 3189 ού
1055 3127 1156 3207 φίλον

150 3241 191 3303 με
201 3214 356 3303 ἡγεῖσθαι
366 3217 398 3306 ή,
410 3217 525 3308 ελήχετ
533 3218 643 3308 φίλον,
656 3219 697 3289 ού
709 3217 1067 3308 πείθεσθαιἹππάρχῳ.
1091 3213 1154 3303 ἐχά

19 3372 22 3403 :
111 3348 133 3396 Ε
150 3315 216 3399 γάρ
228 3314 318 3396 δπως
329 3316 371 3385 ού
383 3319 425 3386 σύ
437 3319 492 3406 ἐμὲ
503 3321 662 3410 ἐξαπατᾷς
674 3317 735 3390 ούιι
748 3317 811 3389 οἶδ’
825 3319 940 3390 ὅντινα
951 3320 1064 3408 μέντοι
1074 3316 1154 3405 τρό-

19 3412 28 3479 k
130 3417 336 3498 πονέντοῖς
346 3418 478 3523 λόχοις,
493 3417 534 3491 ού
547 3420 693 3511 δύναμαι
704 3428 891 3508 πεισθῆναι.
