2408 3780
108 110 168 172 188
478 56 583 166 1⁰1AA
593 109 767 167 ΤΩΝΟΣ
1071 106 1141 167 50

106 274 161 339 καλ
178 269 236 339 τόν
251 268 426 356 Ἀγάθωνα
443 277 557 336 καλεῖν
573 266 686 337 αὐτόν.
709 271 764 337 καὶ
780 267 841 336 τόν
853 269 938 335 ι’ἑναι
949 265 1137 355 άγόμενον

105 367 171 438 ὑπό
183 378 251 438 τῶν
262 366 472 454 ἀνθρώπων,
490 369 545 434 καὶ
557 367 832 453 περιαιρούμενον
843 364 912 452 ἅμα
921 363 981 446 τὰς
991 371 1144 445 ταινίας

105 467 150 549 ῶς
167 466 393 556 άναδήσοντα,
417 472 621 551 ἐπίπροσθεν
636 474 704 534 τῶν
725 464 914 553 ὀφθαλμῶν
935 471 1051 553 ἔχοντα
1070 454 1143 533 οὗ

104 573 249 636 κατιδεῖν
261 565 321 636 τόν
332 567 512 652 Σωκράτη,
535 562 618 633 ἀλλὰ
630 569 827 644 καθιζεσθαι
836 562 926 651 παρὰ
943 564 1005 632 τόν
1018 559 1137 650 'Arci‘

69 684 88 732 B
106 679 203 737 θωνα
222 672 259 736 ἐν
276 668 365 756 μέσφ
376 665 581 750 Σωκράτους
595 666 697 732 τεκαὶ
709 667 855 734 ἐκείνου·
878 671 1135 751 παραχωρῆσαιν

105 767 169 855 γάρ
179 765 240 835 τόν
253 765 417 852 Σωκράτη
430 762 475 844 ῶς
486 766 614 832 ἐκεῖνον
622 768 779 844 καθίζειν.
798 762 1132 848 παρακαθεζόμενον

106 865 142 933 δὲ
153 863 258 932 αὐτόν
268 862 476 943 ἀσπάζεσθαί
483 888 518 929 τε
528 859 834 956 τδνἈγάθωνακαῖ
848 859 993 930 άναδελν.
1011 865 1109 929 εἰπεῖν

107 957 170 1031 οὖν
180 962 239 1031 τόν
248 961 424 1047 Ἀγάθωνα
431 959 622 1046 Ὑπολόετε,
634 963 766 1043 παῖδες,
778 956 1002 1046 Ἀλκιβιάδην,
1012 963 1069 1028 ἵνα
1078 962 1112 1027 ἐκ

105 1069 225 1148 τρίτων
246 1064 451 1147 κατακέηται.
494 1059 593 1129 Πάνυ
614 1084 668 1144 γε,
690 1063 795 1126 εἰπεῖν
811 1056 871 1125 τόν
887 1053 1111 1145 Ἀλκιβιάδην·

106 1157 190 1226 άλλά
207 1165 255 1237 τίς
270 1155 351 1245 ἡμῖν
369 1156 427 1226 ὅδε
442 1165 551 1244 τρίτος
568 1156 751 1244 συμπότης;
781 1158 835 1223 καλ
852 1152 919 1242 ἅμα
935 1178 1113 1242 μεταστρει

106 1253 372 1343 φόμενοναάτόν
389 1252 474 1344 ὁρηῖν
491 1256 551 1323 τόν
562 1254 742 1342 Σωκράτη,
765 1255 879 1322 λδόντα
892 1254 928 1322 δὲ
939 1252 1112 1341 ἀναπηδῆ-

105 1375 160 1423 σαι
170 1357 225 1423 καλ
236 1361 340 1423 εἰπεῖν
350 1346 577 1440 ὮἩράκλεις,
589 1357 680 1422 τουτὶ
691 1359 725 1421 τί
731 1344 791 1439 ἧν;
803 1351 986 1439 Σωκράτης
996 1344 1113 1433 οὗτοςς

70 1461 89 1514 0
107 1445 306 1539 ἐλλοχῶναό
315 1479 356 1539 με
373 1454 522 1520 ἐνταῦθα
538 1455 724 1535 κατέκεισο,
747 1448 857 1534 ῶσπερ
880 1450 1012 1531 ελῶθεις
1028 1453 1114 1530 ἐξαί-

107 1575 193 1636 φνης
210 1549 458 1637 άναφαίνεσθαι
474 1548 560 1618 ὅπου
581 1547 645 1633 ἐγῶ
660 1546 753 1636 ᾤμην
774 1545 894 1634 ἥκιστά
911 1566 949 1614 σε
966 1552 1112 1615 ἔσεσθαι.

106 1649 159 1714 καλ
181 1655 246 1715 νῦν
266 1655 300 1716 τί
318 1646 424 1734 ἤκεις;
445 1650 501 1716 καλ
517 1658 550 1716 τί
566 1639 611 1713 αὖ
621 1649 770 1714 ἐνταῦθα
780 1653 987 1732 κατεκλίνης,
1005 1647 1061 1713 καλ
1072 1640 1113 1711 οό

106 1743 195 1825 παρά
209 1742 440 1831 Ἀριστοφάνει
457 1743 536 1813 οὐδὲ
553 1754 587 1813 εἰ
599 1770 646 1824 τις
662 1744 763 1822 άλλος
777 1751 905 1828 γελοῖος
920 1747 990 1809 ἔστι
1004 1768 1041 1809 τε
1058 1743 1114 1809 καὶ
1156 1750 1158 1757 ’

105 1842 278 1930 βούλεται,
306 1841 388 1911 άλλδ
413 1844 638 1929 διεμηχαυήσω
661 1841 751 1920 ὅπως
771 1842 861 1925 παρά
883 1847 928 1930 τῷ
949 1846 1114 1930 καλλίστφ

104 1949 172 2007 τῶν
183 1946 282 2009 ε”νδον
293 1949 493 2022 κατατείνας
515 1943 570 2008 καλ
580 1940 642 2008 τόν
651 1940 832 2027 Σωκράτη,
851 1938 1021 2026 Ἀγάθων,
1045 1939 1113 2025 φό-

105 2065 178 2123 ναι,
191 2036 253 2121 όρα
265 2049 298 2106 ελ
305 2065 361 2123 μοι
373 2039 566 2124 ἐπαμύνεις·
586 2033 630 2116 ῶς
639 2039 711 2124 ἐμοὶ
721 2033 739 2105 ὁ
750 2037 874 2106 τούτου
886 2042 969 2122 ἔρως
978 2045 1042 2104 τοῦ
1051 2035 1113 2105 άν-

104 2135 247 2218 θρῶπου
258 2133 298 2201 οὐ
310 2143 442 2221 φαῦλον
452 2142 587 2222 πρᾶγμα
597 2136 744 2221 γέγονεν.
761 2133 820 2203 ἀπ’
834 2138 963 2204 ἐκείνου
974 2133 1040 2220 γάρ
1051 2142 1115 2202 τοῦ

104 2233 243 2320 χρόνου,
257 2231 317 2321 ἀφ’
332 2225 376 2303 οό
386 2234 509 2303 τούτου
522 2232 695 2321 ἠράσθην,
718 2232 829 2302 οόκὲτι
845 2238 949 2313 ἔξεστί
961 2259 1019 2319 μοι
1035 2231 1114 2301 οὔτε

64 2350 85 2400 ο
104 2335 309 2419 προσβλέψαι
330 2331 408 2403 οὔτε
430 2337 645 2420 διαλεχθῆναι
665 2338 756 2417 καλῶ
779 2329 852 2399 οὐδ’
872 2333 936 2417 ἑνί,
959 2328 981 2417 ἢ
998 2328 1115 2401 οὑτοσὶ

105 2433 296 2513 ζηλοτυπῶν
312 2456 352 2516 με
369 2433 423 2497 καλ
440 2438 584 2517 φθονῶν
594 2425 771 2514 θαυμαστά
784 2428 951 2514 ἐργάζεται
968 2431 1024 2496 καὶ
1041 2436 1114 2497 λοι-

105 2529 252 2608 δορεῖταί
259 2552 293 2593 τε
304 2530 360 2595 καλ
371 2526 417 2595 τῶ
429 2541 516 2614 χεῖρε
527 2527 623 2614 μόγις
633 2524 793 2611 ἀπέχεται.
807 2524 870 2612 όρα
881 2519 946 2595 οὖν
956 2527 1001 2613 μή
1013 2553 1045 2594 τι
1056 2529 1113 2595 καλ

105 2629 170 2689 νῦν
180 2623 367 2712 ἐργάσηται,
379 2623 462 2694 άλλά
474 2627 651 2706 διάλλαξον
662 2623 764 2712 ἡμᾶς,
775 2620 798 2712 ἢ
808 2623 868 2693 ἐὰν
878 2628 1023 2713 ἐπιχειρῇ
1035 2626 1115 2714 βιῶ-

105 2724 233 2801 ζεοθαι,
255 2721 420 2810 ἐπάμυνε,
438 2721 483 2802 ῶς
493 2721 558 2810 ἐγῶ
569 2722 630 2811 την
640 2723 764 2791 τούτου
774 2730 897 2810 μανίαν
907 2726 1006 2793 τεκαὶ
1018 2731 1114 2810 φιλε-

105 2823 243 2903 ραστίαν
259 2818 351 2886 πάνυ
368 2817 514 2906 όρρωδῶ.
555 2818 643 2889 Ἀλλ’
666 2819 729 2890 οὐκ
745 2826 829 2907 ἔστι,
853 2822 958 2908 φάναι
968 2819 1115 2891 τδυἈλ-

105 2917 275 3004 κιβιάδην,
287 2917 359 3002 ἐμοὶ
370 2920 425 2985 καὶ
436 2920 488 2986 σοὶ
500 2919 668 3006 διαλλαγή.
689 2918 773 2989 ἄλλά
784 2919 914 2990 τούτων
924 2921 986 3008 μὲν
997 2926 1115 2990 ελπαῦ-

104 3023 159 3094 θίς
169 3037 206 3083 σε
217 3016 457 3104 τιμωρήσομαι·
471 3024 537 3084 νῶν
551 3018 589 3085 δέ
597 3044 668 3103 μοι,
684 3015 856 3106 Ἀγάθων,
868 3018 989 3105 φάναι,
1011 3018 1114 3106 μετά-

66 3125 88 3174 ιι
106 3119 163 3192 δος
172 3122 240 3181 τῶν
251 3123 398 3202 ταινιῶν,
411 3119 467 3184 ἵνα
478 3114 696 3204 άναδησωμεν
707 3115 833 3204 καλτὴν
842 3117 966 3186 τούτου
975 3116 1115 3203 ταυτηνὶ

104 3207 165 3293 τὴν
175 3212 375 3300 θαυμαστὴν
386 3215 554 3301 κεφαλήν,
566 3215 621 3283 καὶ
631 3214 677 3302 μή
687 3239 743 3301 μοι
751 3218 928 3304 μέμφηται,
940 3211 992 3285 ὅτι
1003 3215 1040 3286 σὲ
1050 3216 1114 3302 μὲν

104 3303 258 3393 άνέδηοα,
270 3307 375 3378 αὐτόν
387 3316 424 3381 δὲ
434 3320 578 3381 νικῶντα
590 3315 626 3380 ἐν
637 3311 749 3398 λόγοις
759 3312 884 3394 πάντας
894 3311 1111 3399 άνθρῶπους,
