2408 3780
104 167 166 230 206
466 169 747 230 ΠΛΑΤοΝοΣ
1077 178 1118 243 ιε,

103 356 134 395 τι
150 335 273 414 θηρίον
290 329 442 414 τυγχάνω
457 335 620 415 Τυφῶνος
637 330 936 416 πολυπλοκώτερον
953 331 1009 398 καὶ
1026 327 1112 416 μᾶλ-

104 435 165 494 λον
177 429 454 514 ἐπιτεθυμμένον,
472 436 536 495 είτε
548 424 758 514 ἡμερώτερόν
768 454 803 496 τε
814 429 869 497 καὶ
880 425 1112 517 ἁπλούστερον

104 533 197 613 ζῶον,
209 532 303 605 θείας
311 524 464 606 τινόςκαὶ
475 524 606 612 άτάφου
615 531 732 611 μοίρας
742 526 840 610 φύσει
849 530 993 613 μετέχον.
1016 525 1111 614 άτάρ,

105 617 131 691 ά
142 626 263 712 ἑταῖρε,
287 625 408 710 μεταξὺ
420 632 488 693 τῶν
498 625 626 711 λόγων,
646 617 701 712 ἆρ’
715 622 756 692 οὐ
767 625 843 692 τόδε
854 617 897 712 ἦν
908 626 944 693 τό
956 628 1111 714 δένδρον,

103 715 457 810 ἐν’ὅπεοῆιεοὴυᾶιι

70 844 88 893 Β
189 829 279 891 ΦΑΙ.
317 831 423 892 Τοῦτο
434 827 494 912 μὲν
505 816 569 893 οὖν
579 819 670 890 αὐτό.

188 929 226 990 V.
270 929 344 990 ΣΩ.
376 916 1007 1011 ΝὴτὴυἭραν,καλήχεὴκαταγωχή.
1041 918 1112 1007 ἥτε

105 1018 168 1104 γάρ
180 1020 344 1100 πλάτανος
356 1020 438 1108 αὕτη
450 1021 527 1109 μάλ’
541 1016 735 1108 ἀμφιλαφής
744 1043 780 1084 τε
791 1018 845 1085 καὶ
857 1013 969 1104 ὑψηλή
975 1068 985 1104 ,
1003 1027 1068 1087 τοῦ
1080 1045 1112 1088 τε
1130 1098 1139 1109 ἢ

107 1116 214 1202 άμυου
231 1116 268 1185 τό
288 1116 372 1199 ὕψος
389 1123 442 1188 καὶ
459 1121 496 1188 τό
515 1120 657 1189 σάσκιον
667 1116 838 1202 πάγκαλον
844 1167 854 1201 ,
876 1117 931 1184 καὶ
944 1114 987 1196 ὦς
998 1115 1111 1204 άκμὴν

107 1220 170 1300 ἔχει
181 1223 238 1302 τῆς
249 1215 373 1302 άνθχς,
386 1214 429 1296 ὡς
440 1213 482 1285 άν
494 1215 716 1286 εὐωδέστατον
727 1217 862 1300 παρέχοι
872 1211 932 1282 τόν
943 1212 1065 1283 τόπον·
1088 1212 1111 1302 ἥ

104 1339 139 1380 τε
156 1306 202 1380 αὖ
218 1313 305 1402 πηγὴ
323 1317 516 1403 χαριεστάτη
534 1312 599 1383 ὑπό
616 1323 673 1402 τῆς
690 1313 861 1383 πλατάνου
878 1315 932 1400 ῥεῖ
943 1314 1032 1400 μάλα
1043 1327 1107 1394 φυ-

103 1420 188 1499 χροῦ
207 1411 344 1501 ὕδατος,
368 1411 452 1482 άστε
469 1441 505 1501 με
522 1422 568 1504 τῷ
589 1415 665 1482 ποδὶ
684 1413 927 1499 τεκμήρασθαι·
948 1420 1109 1500 Νυμφῶν

104 1516 140 1578 τέ
154 1538 256 1580 τινων
272 1514 327 1582 καί
341 1511 502 1604 Ἀχελῴου
514 1513 604 1600 ίερόν
614 1510 679 1581 άπό
691 1520 759 1580 τάν
771 1519 882 1598 κορῶν
891 1538 926 1580 τε
937 1513 993 1581 καὶ
1005 1509 1109 1599 άχαλ-

68 1627 87 1680 C
105 1611 219 1696 μάτων
231 1618 338 1680 ἔοικεν
349 1611 440 1681 είναι.
476 1619 506 1682 εί
516 1610 547 1681 δ’
561 1605 605 1680 αὖ
616 1612 748 1700 βούλει,
770 1611 807 1680 τό
820 1611 969 1680 εὔπνουν
980 1618 1041 1680 τοῦ
1051 1611 1109 1681 τό·

104 1733 171 1776 που
189 1706 233 1789 ιδς
250 1707 419 1798 ἀγαπητόν
436 1715 489 1781 καί
502 1711 633 1799 σφόδρα
644 1708 723 1798 ἡδά·
745 1711 887 1798 θερινόν
898 1736 932 1778 τε
945 1713 1000 1778 καί
1013 1718 1090 1796 λιχυ

107 1806 168 1889 ρόν
185 1804 304 1892 ὑπηχεῖ
319 1815 366 1897 τῷ
376 1817 445 1878 τῶν
455 1816 609 1896 τεττίγων
618 1817 716 1899 χορῷ.
747 1809 882 1878 πάντων
894 1808 929 1876 δὲ
939 1807 1108 1894 κομψότα·

105 1929 163 1971 του
180 1901 216 1971 τδ
235 1911 292 1990 τῆς
309 1904 407 1992 πόας,
429 1906 478 1975 ότι
494 1911 531 1976 έν
547 1905 652 1995 ἠρέμα
670 1907 847 1993 προσάντει
864 1905 960 1994 ίκανὴ
979 1909 1108 1994 πέφυκε
1127 1966 1131 1975 .

104 2007 330 2072 κατακλιυέυτι
341 2002 402 2091 τὴν
413 2004 563 2093 κεφαλὴν
573 2007 748 2093 παγκάλως
760 2012 854 2093 ἔχειν.
889 2003 972 2073 ὥστε
990 2003 1107 2089 άριστά

105 2122 157 2168 σοι
169 2102 373 2190 ἕξενάχηται,
391 2096 417 2171 οδ
429 2111 502 2191 φίλε
516 2111 649 2191 Φαῖδρε.

189 2206 279 2267 ΦΑΙ.
312 2199 366 2269 Σό
378 2205 417 2270 δέ
424 2230 477 2291 χε,
501 2197 724 2292 άθαυμάσιε,
746 2201 954 2283 άτοπάτατός
965 2228 1014 2282 τις
1026 2210 1105 2288 φαί-

104 2323 162 2366 νει.
196 2295 339 2385 άτεχνως
355 2300 436 2387 γάρ,
458 2300 477 2370 δ
494 2305 616 2392 λέγεις,
639 2308 868 2393 ξεναγουμέυφ
886 2304 949 2370 τινί
966 2304 1021 2369 καί
1042 2299 1105 2368 οὐκ

63 2419 83 2470 D
103 2400 263 2489 ἐπιχωρίῳ
275 2404 396 2479 ἔοικας·
418 2398 522 2482 οὕτως
535 2405 570 2471 ἐκ
582 2412 643 2471 τοῦ
655 2403 771 2484 άστεος
782 2401 854 2471 οὔτ’
868 2407 913 2481 είς
924 2397 986 2488 τὴν
996 2396 1103 2484 ὑπερ-

103 2503 198 2580 ορίαν
215 2495 408 2585 άποδημεῖς,
431 2499 497 2569 οὔτ’
510 2507 570 2582 ἔξω
580 2509 705 2589 τείχους
715 2507 823 2588 ἔμοιγε
832 2505 940 2580 δοκεῖς
948 2497 986 2568 τό
996 2499 1105 2584 παρά-

103 2617 170 2661 παν
181 2597 308 2674 ἐξιέναι.

185 2700 261 2762 Σίλ.
292 2701 532 2784 Συγχίγνωσκέ
545 2725 617 2786 μοι,
642 2692 807 2785 όάριστε.
840 2697 1030 2785 φιλομαθὴς
1039 2697 1105 2783 χάρ

102 2797 181 2878 εἰμι·
202 2790 242 2860 τά
259 2794 319 2880 μὲν
338 2789 400 2864 οὖν
410 2805 512 2884 χωρία
523 2799 577 2866 καί
588 2796 628 2865 τά
640 2802 761 2885 δένδρα
771 2796 872 2867 οὐδέν
884 2797 920 2886 μ’
932 2796 1040 2866 ἐθέλει
1053 2801 1104 2864 δι-

103 2892 257 2975 δάσκειν,
279 2896 313 2960 οί
328 2890 360 2960 δ’
380 2896 417 2962 ἐν
434 2903 482 2984 τῷ
500 2894 589 2963 άστει
601 2895 786 2982 ἄνθρωποι.
819 2894 861 2964 σι)
873 2899 985 2984 μέντοι
997 2900 1105 2974 δοκεῖς

101 3018 157 3078 μοι
167 3000 225 3079 τῆς
235 2991 351 3072 ἐξόδου
363 2990 400 3061 τό
414 2994 593 3081 φάρμακον
604 2991 786 3082 εὑρηκέναι.
821 2996 932 3083 ὥσπερ
945 2994 1009 3084 γάρ
1021 2999 1055 3064 οί
1063 2994 1102 3067 τά

102 3099 266 3160 πεινῶντα
287 3096 460 3180 θρέμματα
476 3089 605 3162 θαλλόν
621 3091 643 3180 ἤ
658 3121 732 3162 τινα
748 3094 878 3179 καρπόν
894 3099 1103 3182 προσείοντες

102 3191 238 3278 άμουσι,
261 3188 305 3259 σύ
322 3193 393 3278 ἐμοὶ
410 3192 531 3279 λόγους
548 3189 636 3262 οὕτω
648 3202 832 3278 προτείνων
844 3197 881 3264 ἐν
891 3202 1030 3283 βιβλίοις
1040 3192 1102 3281 τήν

65 3313 85 3362 E
102 3315 136 3356 τε
148 3287 298 3376 Ἀττικὴν
315 3297 426 3377 φαίνει
443 3292 608 3377 περιάξειν
623 3290 758 3361 άπασαν
774 3297 829 3362 καί
840 3291 917 3363 ὅποι
927 3290 970 3363 άυ
981 3292 1102 3363 άλλοσε

96 3387 214 3474 βούλῃ.
239 3395 303 3454 νῦν
315 3382 378 3456 οὖν
388 3393 426 3458 ἐν
437 3398 481 3482 τῷ
495 3393 634 3480 παρόντι
646 3388 739 3481 δεῦρ’
751 3389 954 3480 άφικόμενος
964 3394 1029 3479 ἐγώ
1041 3397 1102 3481 μέν
