2408 3780
60 180 102 237 ὓ
410 172 727 233 ΣΤΜΠΟΣΙΟΝ.
1018 170 1077 235 161

33 398 36 403 .
66 358 157 423 παρα
170 340 238 403 τῶν
248 328 444 415 αὐδρῶπῶν
454 330 628 417 ήφανιῖετο
642 368 684 377 --
701 326 776 399 τύδ’
789 329 969 423 ὅπῶςέῶεν
980 330 1080 402 ύσελ·

66 438 206 521 γαίνειν.
228 428 324 517 μόγις
343 431 383 517 δή
404 426 422 497 δ
440 427 525 509 Ζεύς
541 429 702 516 ἐννοήσας
720 433 805 513 λέγει
822 426 873 496 ὅτι
890 438 994 498 Δοκῶ
1011 458 1077 516 μοι,

71 536 154 619 ἔφη,
177 536 265 617 έχειν
281 526 451 615 μηχανήν,
474 524 519 607 ῶς
534 523 578 594 δν
596 526 662 594 είέν
679 552 714 595 τε
731 526 908 611 ἅνθρωποι
924 530 979 597 καὶ
991 531 1081 596 παύ·

68 648 186 699 σαιντο
202 634 261 716 τῆς
277 624 457 705 ἀκολασίας
473 623 707 708 ἀσθενέστεροι
730 625 913 711 γενόμενοι.
937 634 1003 694 νύν
1019 626 1080 712 μὲν
1096 633 1118 685 D

69 726 135 816 γιίρ
156 724 298 813 αύτούς,
320 730 402 813 ἔφη,
425 728 568 811 διατεμῶ
584 730 657 810 δίχα
674 726 830 809 ἕκαστον,
853 727 908 792 καλ
929 723 997 811 ἅμα
1019 729 1080 811 μὲν

71 824 307 909 ἀσθενέστεροι
325 830 471 909 ἔσονται,
494 821 563 910 ἅμα
580 823 616 893 δὲ
632 824 869 911 χρησιμῶτεροι
885 822 965 911 ήμῖν
976 824 1030 892 διὰ
1041 826 1078 893 τὸ

72 932 207 1005 πλείους
217 923 276 993 τὸν
287 922 435 1011 ῶριθμὸν
445 926 634 1009 γεγονέναι·
646 924 701 991 καλ
711 929 905 1010 βαδιοῦνται
917 922 1016 1013 ὀρθοὶ
1029 927 1081 992 ἐπὶ

74 1028 170 1093 δυοῖν
182 1031 331 1092 σκελοτν·
343 1023 403 1091 ἐὰν
414 1020 442 1090 δ’
453 1027 499 1089 έτι
510 1026 654 1090 δοκῶσιν
665 1021 872 1109 ἀσελγαίνειν
881 1027 936 1092 καλ
949 1024 993 1111 μή
1005 1026 1082 1093 ἐθέ-

31 1172 33 1177 -
75 1130 177 1191 λοισιν
186 1118 328 1209 ἡσυχίαν
336 1119 448 1207 ἄγειν,
461 1121 561 1189 πάλιν
571 1114 632 1208 αὖ,
645 1129 725 1209 ἔφη,
738 1130 825 1209 τεμῶ
837 1128 919 1209 δίχα,
932 1119 1012 1190 ῶστ’
1025 1120 1081 1207 ἐφ’

31 1306 34 1321 ¹
77 1217 149 1301 ένδς
175 1219 398 1309 πορεύσονται
425 1227 563 1300 σκέλους
585 1219 828 1303 δσκωλίζοντες.
851 1230 955 1290 ταῦτα
980 1220 1083 1290 είτιῶν

31 1366 38 1405 .-
79 1324 189 1406 ίτεμνε
198 1317 278 1399 τούς
288 1317 493 1406 ύνδρῶτιους
503 1324 593 1406 δίχα,
617 1319 728 1404 ῶσπερ
746 1325 780 1388 οί
794 1322 834 1390 τύ
852 1320 893 1390 ὅα
910 1325 1083 1407 τέμνοντες

80 1420 131 1486 καὶ
139 1419 315 1505 μέλλοντες
326 1418 526 1505 ταριχεύειν,
548 1413 693 1504 ήῶσπερ
711 1423 744 1486 οί
759 1419 799 1487 τὰ
812 1417 860 1486 ῶὰ
870 1433 940 1498 ταῖς
955 1424 1082 1503 θριξίν·
1100 1429 1121 1478 Ε

81 1514 191 1585 δντινα
202 1516 239 1585 δὲ
249 1518 356 1602 τέμοι,
368 1514 429 1584 τδν
438 1513 586 1585 ’Λπόλλα
596 1520 725 1586 ἐκέλευε
736 1523 772 1585 τό
785 1543 819 1585 τε
831 1517 1012 1600 πρόσωπον
1023 1541 1084 1601 με·

83 1618 273 1701 ταστρέφειν
293 1616 349 1682 καί
367 1613 404 1682 τδ
426 1616 488 1683 τού
509 1615 648 1703 αὐχένος
665 1615 767 1702 ήμισυ
787 1613 871 1698 πρὸς
887 1614 949 1702 τήν
965 1614 1082 1700 τομήν,

83 1714 133 1779 ίυα
153 1713 325 1800 δεῶμενος
347 1712 409 1800 τήν
425 1710 531 1783 αὑτοῦ
547 1722 666 1801 τμήσιν
681 1713 902 1799 κοσμιώτερος
919 1723 968 1800 είη
985 1711 1002 1781 ὁ
1021 1712 1083 1778 δῖν-

46 1848 51 1857 ’
85 1820 231 1898 δροπος,
248 1815 304 1881 καλ
314 1805 417 1881 τᾶλλα
429 1818 547 1881 ἰᾶσθαι
558 1816 718 1883 ἐκέλευεν.
732 1811 749 1882 ὁ
762 1814 798 1882 δὲ
808 1813 846 1882 τό
857 1839 892 1881 τε
903 1812 1084 1900 πρόσωπον

78 1912 293 1997 μετέστρεφε,
315 1913 371 1980 καλ
390 1915 562 1981 συνέλκων
573 1914 786 2001 πανταχόθεν
797 1911 833 1979 τὸ
846 1916 949 1998 δέρμα
960 1914 1011 1981 ἐπὶ
1023 1910 1085 1996 τήν

50 2022 57 2085 ,“
88 2012 220 2097 γαστέρα
231 2016 300 2077 νῦν
311 2014 537 2097 καλουμένην,
556 2010 666 2099 ῶσπερ
677 2009 718 2079 τὰ
729 2011 901 2078 σύσταστα
913 2010 1084 2097 βαλάντια,

89 2108 232 2196 δνστόμα
242 2115 350 2177 ποιῶν
360 2107 474 2178 ἀπέδει
484 2109 567 2177 κατὰ
580 2116 683 2196 μέσην
693 2109 756 2197 τήν
765 2114 924 2196 γαστέρα,
943 2104 961 2177 ὃ
974 2107 1013 2194 δή
1025 2106 1087 2175 τὸν

51 2232 55 2241 ·
89 2204 236 2295 ύμφαλδν
257 2215 406 2276 καλοῦσι.
425 2210 481 2277 καὶ
498 2207 557 2288 τὰς
579 2208 639 2294 μέν
662 2207 763 2287 ύλλας
780 2211 914 2294 ῥυτίδας
930 2209 988 2288 τὰς
1005 2216 1087 2276 πολ·
1105 2226 1152 2281 191

88 2306 140 2387 λᾶς
155 2310 314 2389 έξελέαινε
332 2311 387 2375 καλ
404 2303 445 2374 τὰ
461 2307 569 2394 στήθη
582 2307 762 2395 διήρθρου,
786 2313 871 2392 ἔχων
887 2333 918 2374 τι
934 2314 1087 2374 τοιοῦτον

88 2402 228 2495 ὄργανον
238 2400 312 2474 οἷον
322 2409 356 2474 οί
365 2406 580 2493 σκυτοτόμοι,
598 2407 672 2489 τιερλ
684 2405 744 2473 τὸν
755 2406 925 2473 καλόποδα
936 2411 1088 2473 λεαίνον-

87 2526 133 2585 τες
151 2502 211 2585 τὰς
231 2512 301 2572 τῶν
321 2510 455 2572 σκυτῶν
475 2506 623 2591 ῥυτίδας·
649 2503 762 2591 ὀλίγας
784 2506 819 2574 δὲ
840 2507 1009 2592 κατέλιπε,
1031 2504 1089 2582 τὰς

87 2606 153 2690 περὶ
163 2599 273 2689 αὐτὴν
283 2600 346 2689 τήν
355 2607 496 2690 γαστέρα
508 2601 813 2691 καλτόνύμφαλόν,
832 2619 993 2692 μνημεῖον
1004 2602 1088 2672 εἶναι

86 2710 141 2772 τοῦ
158 2708 305 2771 παλαιοῦ
321 2702 462 2782 πάθους.
486 2701 598 2788 ἐπειδή
624 2695 686 2770 ούν
704 2700 724 2790 ή
743 2703 844 2789 φύσις
860 2707 932 2790 δίχα
949 2703 1088 2790 ἐτμήθη,

54 2822 57 2827 “
86 2810 216 2873 τοδοῦν
225 2803 368 2871 ἕκαστον
379 2800 417 2870 τῶ
429 2801 533 2889 ἥμισυ
542 2799 580 2870 τό
593 2799 699 2870 αὑτοῦ
709 2802 837 2889 ξυυήει,
860 2804 914 2870 καὶ
930 2800 1090 2888 περιβάλ-

88 2908 196 2983 λοντες
217 2903 276 2980 τὰς
295 2914 405 2988 χείρας
421 2903 478 2970 καί
495 2900 758 2989 συμπλεκόμενοι
775 2898 945 2987 ἀλλήλοις,
969 2902 1090 2968 έτιιθυ·

84 3008 222 3089 γοῶντες
233 3007 423 3088 συμφῦναι,
443 2997 658 3088 ἀπέθνησκον
668 2997 734 3067 ύτιδ
746 3006 845 3085 λιμοῦ
855 3000 909 3067 καὶ
920 3006 978 3084 τής
989 2997 1090 3082 ἄλλης
1107 3006 1126 3055 Β

84 3096 198 3189 ἅργίας
214 3097 271 3168 διὰ
288 3096 326 3168 ιδ
345 3099 448 3187 μηδὲν
466 3102 596 3169 ἐθέλειν
611 3101 709 3185 χωρίς
725 3095 877 3184 ἀλλήλων
898 3109 1014 3163 ποιεῖν.
1037 3094 1091 3162 καλ

84 3196 182 3271 δκύτε
191 3226 225 3268 τι
234 3195 404 3268 ἀποθάνοι
416 3207 484 3268 τῶν
494 3198 656 3287 ἡμίσεων,
678 3193 715 3264 τό
729 3197 765 3264 δὲ
775 3201 945 3281 λειφθείη,
968 3191 1005 3262 τὸ
1022 3202 1092 3262 λει-

84 3298 173 3379 φυὲν
184 3297 268 3369 ἄλλο
280 3298 381 3386 ἐζήτει
393 3302 447 3367 καλ
459 3299 688 3381 συνεπλέκετο,
701 3305 765 3363 είτε
776 3291 935 3381 γυναικὸς
945 3301 1003 3380 τῆς
1013 3291 1092 3381 ὅλης

166 3410 261 3467 Puro
277 3408 310 3465 ΙΙ.
907 3409 948 3462 ss
