2422 3780
123 155 187 220 224
283 216 286 223 Δ
485 156 771 216 ΠΛΑΤΩΝΟΣ
1094 165 1130 219 86

90 329 110 381 c
126 323 257 405 μανίαν.
276 314 317 384 ού
327 317 391 401 γάρ
403 311 446 383 άν
457 324 498 404 τῇ
508 323 665 404 καλλίστη
675 319 788 404 τέχνη,
809 306 878 402 ᾖτό
891 320 1011 402 μέλλον
1022 323 1134 399 κρίνε-

126 443 195 500 ται,
208 412 289 481 αύτό
304 420 402 482 τοῦτο
414 412 563 500 τούνομα
574 416 790 500 ἐμπλέκοντες
801 412 946 501 μανικὴν
957 416 1133 484 ἐκάλεσαν·

126 511 201 582 ἀλλ’
215 509 260 592 ῶς
271 519 378 581 καλοῦ
388 510 495 599 όντος,
507 511 590 581 όταν
601 517 680 600 θείηι
691 516 791 597 μοίρᾳ
801 518 962 600 γίγνηται,
975 512 1064 581 οὕτω
1075 539 1134 580 νου

126 622 281 700 μίσαντες
291 617 428 698 ἐθεντο,
441 615 477 679 οί
487 609 522 679 δὲ
532 619 599 678 νῦν
609 609 836 695 ἀπειροκάλως
849 608 886 678 τό
898 621 962 679 ταῦ
971 610 1136 698 ἐπεμβάλ-

126 719 240 790 λοντες
252 705 416 797 μαντικὴν
425 707 597 777 ἐκάλεσαν.
610 710 680 776 ἐπεὶ
690 710 746 777 καὶ
756 709 866 796 τήνγε
877 717 946 777 τῶν
957 709 1136 796 ἐμφρόνων

48 848 50 853 s
128 809 263 896 ζήτησιν
278 815 341 877 τοῦ
356 809 534 894 μέλλοντος
551 805 605 874 ῦιά
621 832 657 874 τε
681 804 832 891 ὀρνίθων
849 811 1061 894 ποιουμένων
1081 809 1136 875 καὶ

39 979 41 983 ,
126 916 194 976 τῶν
206 907 318 975 άλλων
330 911 485 993 σημείων,
497 902 545 973 ἅτ’
559 909 594 973 εἰι
605 910 716 974 ῦιανοί
701 912 751 984 ίας
761 911 986 992 ποριζομένων
998 904 1136 990 άνθρω-

127 1012 207 1095 πινη
218 1004 323 1092 οίησει
335 1030 421 1073 νουν
431 1029 467 1072 τε
477 1005 559 1072 καὶ
544 1009 746 1091 ίστορίαν,ο
728 1004 951 1092 ίονολστικην
962 1005 1135 1091 έπωνομα

89 1121 110 1170 n
130 1123 204 1188 σαν,
216 1099 258 1190 ἣν
269 1110 335 1171 νῦν
346 1101 599 1195 οίωνιστικην
567 1113 615 1172 τῶ
625 1132 651 1172 ω
659 1104 880 1190 σεμνύνοντες
888 1107 970 1172 οί’
931 1132 1000 1172 νεοι
1012 1113 1132 1172 καλοῦ-

129 1221 198 1269 σιν·
222 1200 290 1291 ὅσῳ
313 1199 353 1288 δη
378 1194 443 1270 οὖν
464 1201 664 1289 τελεώτερον
686 1204 742 1270 καὶ
765 1203 974 1287 ἐντιμότερον
995 1199 1135 1288 μαντικὴ

128 1305 187 1366 οίω
128 1307 352 1384 οωνιστικῆς,
375 1299 415 1367 τό
431 1327 466 1368 τε
484 1297 591 1387 ὄνομα
608 1309 671 1369 τοῦ
688 1299 852 1387 ὀνόματος
868 1326 967 1385 εργον
984 1327 1001 1366 τ
1003 1297 1135 1384 ’ἐργου,

127 1397 215 1489 τόσῳ
232 1398 370 1466 κάλλιον
386 1406 615 1485 μαρτυροῦσιν
632 1405 666 1467 οί
651 1400 946 1484 ίπαλαιολμανίιιν
957 1398 1136 1483 σωφροσύ-

129 1523 189 1582 νης
209 1497 273 1582 τὴν
288 1499 323 1564 ἐκ
340 1505 427 1564 θεοῦ
442 1505 501 1584 τῆς
518 1497 600 1583 παρ’
618 1497 811 1584 άνθρῶπων
821 1500 1026 1583 γιγνομένης.
1052 1495 1135 1565 άλλά

128 1592 196 1681 μην
207 1595 320 1662 νόσων
329 1620 368 1681 γε
379 1596 435 1662 καί
450 1594 565 1664 πόνων
574 1602 642 1663 τῶν
653 1602 834 1682 μεγίστων,
853 1593 875 1663 ά
886 1593 927 1681 δη
939 1603 1089 1663 παλαιῶν
1101 1599 1135 1661 ἐκ

127 1693 320 1781 μηνιμάτων
332 1696 441 1763 ποθὲν
458 1702 495 1763 ἐν
506 1715 571 1762 τισι
587 1702 656 1761 τῶν
670 1703 781 1780 γενῶν
797 1687 857 1781 ἦν,
883 1699 984 1779 μανία
1002 1696 1136 1778 ἐγγενο-

90 1809 110 1858 E
128 1798 210 1880 μένη
221 1795 277 1859 καὶ
288 1791 547 1877 προφητεύουσα
559 1786 608 1870 οἷς
618 1796 684 1858 ἔδει
694 1788 889 1877 άπαλλαγὴν
898 1792 1023 1876 εὕρετο,
1036 1819 1137 1858 κατα-

129 1895 286 1978 φυγοῦσα
297 1887 380 1974 πρὸς
389 1895 484 1956 θεῶν
495 1886 593 1975 εύχάς
603 1914 638 1957 τε
648 1890 704 1956 καὶ
721 1896 888 1974 λατρείας,
912 1887 997 1956 ὅθεν
1014 1887 1053 1969 δὴ
1074 1916 1136 1955 κα-

128 1994 272 2073 θαρμῶν
289 2011 324 2055 τε
341 1988 397 2054 καὶ
408 1993 548 2054 τελετῶν
558 1994 704 2070 τυχοῦσα
715 1986 832 2069 ἐξάντη
844 1990 974 2069 ἐποίησε
985 1984 1044 2051 τόν
1057 1988 1137 2050 ἑαυ-

130 2093 189 2169 τῆς
206 2090 322 2170 ἔχοντα
339 2083 421 2165 πρός
438 2109 473 2148 τε
489 2079 550 2149 τόν
567 2081 717 2163 παρόντα
732 2083 787 2147 καὶ
803 2082 863 2148 τόν
880 2087 989 2147 ἔπειτα
1000 2081 1135 2166 χρόνον,

129 2182 227 2249 λύσιν
236 2189 283 2270 τῷ
295 2179 409 2265 ὀρθῶς
419 2183 555 2264 μανέντι
570 2180 672 2246 τεκαὶ
683 2180 917 2267 κατασχομένη)
928 2186 996 2245 τῶν
1008 2179 1137 2262 παρόν-

60 2298 111 2352 ‘245
129 2306 197 2348 των
207 2286 321 2348 κακῶν
331 2275 504 2365 εὑρομένη.
525 2282 617 2364 τρίτη
632 2277 667 2345 δὲ
678 2273 743 2344 άπὸ
755 2284 910 2345 Μουσῶν
920 2277 1090 2362 κατοκωχή
1101 2305 1136 2344 τε

129 2379 184 2449 καὶ
195 2382 306 2465 μανία,
320 2382 469 2465 λαβοῦσα
481 2370 612 2461 ἁπαλὴν
623 2376 678 2443 καί
689 2373 815 2461 ἄβατον
828 2374 952 2462 ψυχήν,
964 2379 1136 2460 ἐγείρουσα

129 2479 184 2545 καὶ
194 2476 442 2564 ἐκβακχεύουσα
452 2473 535 2542 κατά
547 2499 581 2542 τε
592 2471 682 2563 ᾠδάς
692 2477 748 2542 καὶ
757 2471 841 2542 κατά
852 2474 915 2559 την
925 2472 1029 2560 άλλην
1040 2482 1135 2560 ποίη-

129 2593 199 2659 σιν,
211 2583 314 2658 μυρία
325 2579 392 2640 τῶν
403 2578 554 2640 παλαιῶν
565 2576 645 2657 ἔργα
655 2579 829 2658 κοσμοῦσα
839 2569 919 2651 τούς
929 2576 1137 2658 ἐπιγιγνομέ-

130 2696 211 2749 νους
222 2670 385 2738 παιδεύει·
408 2667 445 2749 ὃς
456 2668 487 2736 δ’
502 2669 545 2737 άν
557 2667 640 2736 όίνευ
651 2677 769 2756 μανίας
783 2679 937 2739 Μουσῶν
947 2673 999 2739 ἐπὶ
1010 2695 1137 2757 ποιητι-

130 2766 192 2848 κάς
209 2769 320 2855 θύρας
337 2765 509 2854 άφίκηται,
532 2771 680 2848 πεισθεὶς
697 2767 742 2848 ῶς
759 2769 825 2854 άρα
841 2773 877 2838 ἐκ
894 2774 1007 2856 τέχνης
1024 2769 1137 2848 ίκανός

130 2862 266 2952 ποιητὴς
277 2865 448 2951 ἐσόμενος,
466 2863 582 2951 ἀτελὴς
598 2864 699 2946 αύτός
710 2894 746 2935 τε
763 2872 818 2936 καί
830 2866 850 2953 ἡ
863 2877 990 2954 ποίησις
1001 2865 1067 2935 ὑπὸ
1080 2875 1137 2954 τῆς

129 2973 197 3033 τῶν
208 2961 449 3051 μαινομένωνη
461 2971 523 3030 τοῦ
534 2972 792 3049 σωφρονοῦντος
802 2964 984 3054 ἠφανίσθη.

91 3085 111 3134 Β
213 3070 320 3131 XXIII.
365 3069 518 3130 Τοσαῦτα
540 3064 652 3149 μέντοι
673 3066 729 3133 καὶ
749 3069 796 3131 ἐτι
817 3068 918 3132 πλείω
941 3070 1002 3149 ἐχω
1019 3070 1137 3149 μανίας

27 3222 32 3231 ,
129 3164 326 3248 γιγνομένης
343 3160 407 3229 άπό
425 3169 518 3231 θεῶν
534 3164 643 3248 λέγειν
660 3160 742 3230 καλά
761 3167 853 3247 ἐργα·
878 3159 962 3229 ὥστε
977 3161 1077 3229 τοῦτό
1099 3185 1136 3246 γε

130 3258 211 3327 αύτό
223 3258 266 3346 μὴ
279 3260 481 3348 φοβοίμεθα,
501 3264 586 3348 μηδέ
593 3288 642 3340 τις
658 3259 744 3348 ἡμᾶς
759 3259 859 3345 λόγος
875 3267 1061 3347 θορυβείτω
1081 3264 1135 3326 δε-

130 3357 328 3443 διττόμενος,
352 3356 396 3437 ῶς
417 3358 481 3446 πρό
504 3366 565 3427 τοῦ
585 3358 805 3444 κεκινημένου
826 3355 886 3425 τόν
908 3357 1067 3441 σῶφρονα
1089 3362 1139 3423 δεῖ
