2408 3780
138 189 202 254 258
500 193 784 253 ΠΛΑΤΩΝΟΣ
1029 191 1032 196 “
1101 200 1153 253 ιυο

55 381 58 385 ’
108 362 275 438 Ετυφλοῦ
297 361 429 442 πορείᾳ·
452 350 527 420 ἀλλ’
546 349 588 418 οὸ
605 350 672 438 μὴν
690 349 905 421 ἀπεικαστέον
922 353 1035 438 τόνγε
1052 353 1151 438 τέχνχ

141 450 294 536 μετιόντα
311 449 427 520 ὁτιοῦν
442 458 560 541 τυφλῷ
576 448 656 518 οὐδὲ
666 458 787 541 κωφῷ,
810 448 892 519 ὅλλά
907 456 1010 537 δῆλον
1023 445 1084 532 ὡς,
1106 449 1152 517 ὅν

140 549 187 638 τῷ
197 576 246 629 τις
256 553 352 638 τέχνχ
364 550 485 636 λόχους
495 554 592 640 διδῷ,
615 548 678 635 τὴν
694 547 813 617 οὸσίαν
830 552 926 630 δείξει
937 547 1081 635 ἀκριβῶς
1093 556 1151 634 τῆς

142 646 276 731 φύσεως
292 648 434 735 τούτου,
453 648 536 735 πρδς
554 645 661 726 δτοὸς
672 646 794 732 λόγους
804 653 990 733 προσοίσει·
1013 653 1104 714 ἔσται
1114 645 1152 714 δέ

143 770 210 812 που
221 742 308 831 ψυχὴ
321 754 427 814 τοῦτο.
486 816 487 821 ,

228 851 317 911 ΦΑΙ.
351 850 393 912 Τί
402 844 484 932 μήν;

72 954 125 1011 271
229 949 303 1012 Σίδ.
347 941 484 1012 Οὸκοὸυ
504 939 525 1030 ἡ
548 941 667 1029 ἅμιλλα
688 941 777 1033 αὸτῷ
799 946 927 1011 τέταται
948 943 1031 1027 πρὸς
1051 950 1151 1011 τοῦτο

143 1049 249 1109 πᾶσα·
262 1041 370 1110 πειθοδ
382 1042 447 1130 γὰρ
461 1046 497 1112 έν
508 1043 614 1132 τοὸτφ
626 1056 733 1110 ποιεῖν
743 1044 911 1128 έπιχειρεί·
923 1036 945 1130 ἦ
955 1043 1037 1128 μοίρ;

228 1146 318 1206 ΦΑΙ.
351 1147 429 1209 Ναί.

229 1245 304 1306 ΣΩ.
337 1246 453 1326 Δῆλον
464 1236 529 1322 ὅρα
546 1236 626 1306 ὅτιὸ
640 1239 859 1327 Θρασύμαχός
875 1266 910 1308 τε
926 1243 980 1309 καί
992 1235 1081 1320 ὅςὸν
1092 1239 1150 1310 ὅλ-

148 1346 203 1416 λος
215 1342 345 1425 σπουδῇ
356 1346 475 1428 τέχνην
486 1335 664 1425 ῥητορικὴν
683 1341 780 1426 διδῷ,
798 1345 933 1422 πρῶτον
950 1339 1040 1428 παίσῃ
1057 1339 1151 1424 ὅκρι-

143 1441 217 1524 βεία
234 1435 354 1522 γράψει
372 1463 407 1504 τε
424 1439 480 1505 καὶ
498 1437 628 1522 ποιήσει
643 1434 756 1522 ψυχὴν
773 1440 872 1522 ἰδεῖν,
895 1437 1038 1520 πότερον
1050 1442 1087 1506 ἓν
1098 1439 1151 1506 καί

145 1530 262 1619 ὅμοιον
271 1536 420 1620 πέφυκεν
429 1531 544 1622 ἢκατδ
553 1535 703 1622 σώματος
713 1533 848 1622 μορφὴν
856 1539 1042 1616 πολυειδές·
1054 1544 1151 1605 τοῦτο

145 1631 209 1716 γάρ
222 1658 332 1717 φαμεν
343 1632 449 1720 φύσιν
460 1634 545 1703 εἶναι
556 1634 735 1704 δεικνύναι.

231 1737 319 1798 ΦΑΙ.
354 1734 550 1802 Πανταπασι
561 1728 677 1821 μὲν
633 1760 704 1802 ουν

231 1837 308 1898 Σίδ
340 1833 512 1919 Δεύτερον
529 1838 567 1901 δέ
580 1859 633 1919 με,
655 1832 720 1924 ὅτςο
736 1841 770 1901 τί
786 1848 891 1901 ποιεῖν
907 1830 929 1919 ὅ
946 1844 1070 1902 παθεῖν
1087 1832 1151 1901 ὑπὸ

147 1955 208 1996 του
195 1933 376 2014 πέφυκεν.

232 2035 321 2096 ΦΑΙ.
360 2029 493 2116 Τίμήν;

113 2141 131 2191 Β
232 2133 305 2194 Σίλ.
344 2133 464 2207 Τρίτον
482 2128 517 2195 δὲ
535 2124 575 2213 δὴ
594 2127 827 2213 διαταξάμενος
847 2126 887 2195 τοὶ
910 2126 1021 2212 λόχων
1041 2153 1076 2193 τε
1099 2129 1154 2196 καί

146 2232 253 2312 ψυχῆς
274 2229 355 2311 χένη
375 2221 484 2293 καὶτὰ
500 2224 629 2292 τούτων
646 2226 826 2313 παθήματα
844 2230 939 2295 δίεισι
960 2222 1018 2304 τὰς
1039 2230 1154 2311 αἰτίας,

147 2323 409 2410 προσαρμόττων
418 2326 559 2393 ἕκαστον
574 2324 701 2414 ἑκάστῳ
718 2326 774 2393 καί
790 2324 975 2410 διδάσκον,
1000 2328 1052 2395 οὸα
1070 2317 1154 2393 οὖσα

148 2421 209 2509 ὑφ’
227 2428 308 2492 οἴων
325 2424 437 2509 λόγων
455 2420 500 2491 δι’
518 2418 560 2509 ἣν
572 2428 679 2492 αἰτίαν
691 2428 723 2504 ἐξ
734 2421 911 2511 ὅνὸχκηςὴ
923 2424 984 2511 μὲν
994 2430 1153 2509 πείθεται,

147 2522 367 2610 ἡδέίιπειθεί.

234 2630 325 2691 ΦΑΙ.
356 2621 526 2691 Καλλιστα
536 2647 623 2707 χουν
633 2649 677 2689 αν
684 2651 750 2707 ως
761 2623 836 2694 ὲοικ
844 2629 933 2710 ,ἔχοι
947 2623 1062 2703 οὸτως.

232 2727 307 2789 ΣΩ.
341 2719 444 2789 Ουτοι
454 2714 569 2808 μὲν
527 2746 607 2807 ουν,
628 2749 653 2790 οι
642 2712 758 2809 φίλε,
780 2722 889 2802 αλλως
899 2722 1155 2808 ἐνδεικνυμένου
1198 2723 1202 2727 ’

148 2849 168 2907 η
156 2815 368 2906 ’“λεχο’μενον
383 2824 481 2940 τέχνῃ
499 2820 578 2889 ποτὲ
596 2817 831 2907 λεχθήσεται”
809 2849 830 2909 η
851 2822 1057 2908 γραφήσεται
1079 2817 1156 2886 οὸτε

114 2936 134 2987 c
151 2945 182 2987 τι
193 2917 273 2986 αλλο
292 2945 369 2986 ουτε
379 2944 494 2986 τουτο·
516 2916 590 2986 ἄλλ’
610 2923 644 2986 ολ
657 2919 934 3006 νυνχρὸφουτες,
959 2911 1156 3003 ωνσὸὅκή-

149 3044 244 3103 κοας,
267 3021 382 3103 τέχνας
399 3018 511 3142 λόχων
528 3025 715 3102 πανοῦρνοί
730 3024 794 3087 είσι
806 3023 861 3087 καί
875 3017 1156 3103 ἀποκρύπτονται,

149 3120 271 3197 εἰδότες
286 3125 393 3203 ψυχῆς
410 3122 485 3203 πέρι
501 3116 693 3203 παγκάλως
716 3119 795 3201 πρίν
812 3113 855 3186 ὅν
874 3110 938 3186 οὸν
954 3117 1014 3185 τὸν
1030 3138 1157 3199 τροπον

148 3225 268 3284 τοῦτον
291 3220 414 3336 λέγωσί
434 3243 469 3284 τε
492 3217 547 3284 καὶ
568 3236 737 3301 χραφφσι,
768 3243 812 3303 μη
834 3212 1024 3301 πειθώμεθ’
1045 3210 1157 3331 αὸτοϊς

63 3256 90 3425 ,
146 3315 405 3402 τέχνχφροίφειυ.

63 3490 94 3536 1.
220 3419 316 3479 ΦΑῙ
353 3420 440 3483 Τίνα
451 3440 593 3501 τουτον,
