2408 3780
51 209 86 264 69
247 199 578 260 ΑΛΚΙΒΙΑΔΗΣ
597 196 866 257 ΔΕΥΤΕΡΟΣ.
995 193 1057 256 339

136 368 207 430 AA.
236 359 459 446 Αληδεστατα
470 361 582 442 λέγεις

135 465 174 526 Χ.
216 465 292 525 Σίλ
321 454 416 544 Ὁρᾷς
437 447 518 539 ούν,
544 452 600 523 ὅτε
621 458 707 540 ἔφην
728 422 940 522 κινδυνεύειν
961 453 999 522 τό
1021 479 1058 539 γε

52 581 120 624 των
137 553 249 624 ἄλλων
266 557 453 640 ἐπιστημῶν
469 559 594 639 κτήμα,
615 553 674 620 έοίν
692 579 740 631 τις
751 577 834 620 ανευ
844 578 902 638 της
911 577 971 620 τον
959 558 1060 639 βελ-

53 660 164 722 τίστου
185 653 361 740 ἐπιστήμης
384 653 581 738 κεκτημένος
602 643 639 773 ή,
661 649 808 736 ὀλιγάκις
824 651 886 737 μὲν
905 648 1098 738 ύφελεῑν,Ε

30 757 32 760 ’
53 751 261 838 βλύπτειυδέ
271 779 311 819 τα
300 747 496 818 πλείωτὸν
513 747 618 835 ἔχοντ’
639 747 738 833 αύτό,
763 741 819 835 ἆρ’
839 747 910 834 ούχὶ
925 757 972 838 τῷ
988 748 1060 816 ὄντι

55 847 168 936 ορδως
179 848 366 935 έφαινομην
377 850 498 934 λέγων

140 954 210 1017 AA.
243 949 308 1014 Καὶ
332 951 406 1032 είμ
383 945 529 1032 μήτύτε,
551 944 633 1014 ύλλδι
656 953 721 1012 νῦν
743 970 799 1032 μοι
811 949 915 1029 δοκεῖ
938 970 963 1011 ω
952 937 1061 1012 Σοί-

55 1070 181 1132 κρατες.

140 1150 213 1211 Σίδ.
247 1151 312 1209 Δεῖ
326 1139 390 1229 ἄρα
407 1144 461 1210 και
481 1142 580 1210 πόλιν
595 1143 649 1209 και
666 1140 776 1228 ψυχήν
797 1141 858 1228 τήν
873 1146 1061 1228 μέλλουσαν

56 1240 169 1323 ὀρθῶς
179 1239 363 1326 βιοίσεσθαι
374 1239 494 1326 ταύτης
504 1247 562 1326 τῆς
573 1239 751 1326 ἐπιστήμης
761 1237 1060 1326 ἄντέχεσθαι,ύτε-
1170 1248 1173 1253 ’

54 1347 141 1425 χνοῦς
158 1337 269 1425 ὥσπερ
287 1336 498 1406 ἀσθενοῦντα
515 1345 631 1425 ἰατροῦ
646 1339 668 1425 ή
684 1364 772 1418 τινος
783 1339 990 1426 κυβερνήτου
1000 1337 1062 1405 τὸν

56 1435 213 1521 ἀσφαλοῦς
233 1441 393 1522 μέλλοντα
416 1445 520 1505 πλεῖν.
545 1437 629 1504 ἄνευ
638 1435 702 1521 γὰρ
714 1437 851 1523 ταύτης,
869 1436 1000 1526 ὅσῳπερ
1019 1432 1062 1503 ἂν
1082 1452 1128 1506 147

55 1535 284 1621 λαμπρότερον
293 1537 452 1622 έπονρίση
461 1532 497 1601 τὸ
508 1543 564 1621 τῆς
575 1529 787 1620 τύχηςήπερὶ
795 1533 970 1620 χρημάτων
981 1541 1061 1620 κτή-
1153 1556 1156 1561 ⁴

58 1655 110 1700 σιν
126 1627 149 1718 ή
167 1631 315 1717 σώματος
333 1632 449 1719 ῥύμην
464 1627 487 1719 ή
503 1633 558 1700 καὶ
576 1631 657 1699 ἄλλο
675 1658 706 1698 τι
723 1630 985 1717 τῶντοιούτων,
1003 1658 1060 1698 το-

56 1729 166 1820 σούτῳ
178 1735 275 1815 μείζω
288 1726 503 1816 ἁμαρτήματα
512 1728 572 1797 ἀπ’
586 1727 697 1796 αύτοῦν
708 1727 892 1814 ἀναγκαῖόν
903 1733 1002 1814 ἐστιν,
1016 1726 1060 1808 ὡς

56 1833 159 1911 έοικε,
177 1835 362 1913 γίγνεσθαι.
387 1824 404 1895 δ
419 1828 454 1896 δδ
465 1827 506 1915 δή
518 1825 579 1914 τήν
590 1831 798 1914 καλουμένην
809 1835 1015 1915 φιλομαθέαν
1024 1854 1059 1896 τε

56 1928 111 1994 καὶ
128 1931 346 2011 πολυτεχυίαν
363 1928 577 2012 κεκτημένος,
604 1922 753 2012 ὀρφανὸς
765 1929 800 1993 δὲ
812 1925 840 1995 οδ
843 1954 861 1994 ν
871 1927 992 2012 ταύτης
1004 1935 1061 2013 τής

56 2023 251 2110 ἐπιστήμης,
265 2022 427 2111 ἀγόμενος
438 2024 473 2092 δδ
484 2020 550 2091 ύπό
561 2031 638 2110 μιοῖς
649 2023 785 2110 ἑκάστης
798 2033 866 2092 τοδν
877 2022 998 2110 ύίλλων,
1010 2017 1059 2108 ἆρ’
1127 2044 1130 2049 ’

56 2119 130 2207 ούχὶ
141 2129 186 2209 τῷ
199 2121 270 2189 ὄντι
282 2127 414 2202 δικαίως
426 2129 536 2213 πολλῷ
548 2131 682 2209 χειμῶνι
693 2124 863 2210 χρήσεται,
878 2121 942 2208 ἅτ’,
961 2123 1059 2210 οἶμαι,

57 2223 141 2290 ἄνευ
152 2222 361 2310 κυβερνήτου
372 2226 531 2290 διατελῶν
541 2227 579 2291 έν
590 2223 734 2309 πελοίγει,
746 2221 868 2309 χρόνον
879 2221 921 2291 ού
931 2221 1062 2309 μακρὰν

55 2328 133 2408 βίον
143 2324 250 2399 θέωνς
264 2319 347 2388 ὥστε
360 2324 552 2407 ξυμβαίνειν
563 2349 619 2407 μοι
631 2325 784 2390 δοκεῖκαὶ
794 2326 941 2391 ἐνταῦθα
952 2320 989 2390 τὸ
1001 2330 1062 2389 τοῦ
1080 2335 1100 2384 Β

56 2426 212 2504 ποιητοῦ,
227 2414 341 2504 δλέγει
353 2427 547 2505 κατηγορῶν
558 2420 624 2488 πού
633 2447 740 2509 τινος,
753 2417 797 2499 ὡς
808 2420 873 2504 ἄρα
885 2417 988 2488 πολλοὶ
1001 2418 1061 2505 μὲν

56 2515 213 2604 ήπίστατο
226 2522 321 2603 έργα,
333 2525 442 2597 κακῶς
454 2521 506 2602 δέ,
520 2525 639 2605 φησίν,
650 2517 806 2605 ήπίστατο
818 2518 934 2587 πάντα.

140 2621 210 2683 AA.
245 2616 309 2683 Καὶ
326 2622 359 2682 τί
379 2616 420 2702 δή
437 2640 516 2684 ποτε
533 2620 702 2705 ξυμβαίνει
719 2615 755 2686 τὸ
775 2624 836 2685 τοῦ
857 2623 1011 2704 ποιητοῦ,
1035 2609 1062 2684 ω’

55 2715 247 2801 Σοίκρατεςς
272 2717 342 2800 ἐμοί
359 2714 420 2800 μέν
436 2713 501 2799 γὰρ
520 2712 595 2782 οὐδ’
614 2712 729 2783 ὁτιοῦν
746 2721 836 2785 δοκεῖ
856 2714 939 2803 πρδς
960 2715 1062 2800 λόγον

56 2814 230 2900 εἰρηκέναι,

141 2918 213 2980 Σίδ.
248 2914 314 2981 Καὶ
330 2911 418 2998 μύλα
436 2937 473 2997 γε
490 2910 573 2999 πρὸς
590 2912 705 2998 λύγου·
728 2911 801 2982 ἀλλ’
823 2919 1012 2997 αἰνίττεται,
1035 2907 1062 2979 ιδ

55 3013 211 3100 βέλτιστε,
224 3014 279 3080 καὶ
290 3002 387 3092 οὗτος
399 3012 499 3080 καλοί
509 3010 604 3080 ἄλλοι
615 3012 650 3082 δὲ
661 3015 791 3100 ποιηταὶ
803 3013 922 3098 σχεδόν
932 3038 963 3079 τι
975 3013 1061 3079 ποίν-

56 3137 116 3191 τες.
140 3118 208 3181 έστι
224 3137 259 3179 τε
276 3138 340 3199 γαρ
352 3111 452 3199 φύσει
463 3110 612 3198 ποιητική
624 3109 644 3198 ή
656 3112 809 3196 ξύμπασα
820 3108 1061 3197 αίνιγματύδης

55 3211 111 3278 καὶ
130 3208 171 3278 ού
182 3215 242 3278 τοῦ
259 3207 501 3295 προστυχόντος
517 3205 638 3293 ἀνδρὸς
654 3216 830 3295 γνωρίσαι·
856 3212 902 3276 ἔτι
924 3207 959 3277 δὲ
978 3209 1098 3292 πρδςῦ

56 3318 103 3400 τῷ
115 3311 215 3395 φύσει
227 3307 385 3394 τοιαύτην
396 3306 494 3394 εἶναι,
507 3306 740 3395 δτανλοίβηται
751 3305 873 3395 ἀνδρὸς
884 3315 1059 3394 φθονεροῦ

57 3434 91 3477 τε
110 3410 164 3476 καὶ
180 3404 224 3494 μή
242 3407 451 3494 βουλομένου
468 3401 548 3493 ήμιν
563 3409 797 3475 ἐνδείκνυσθαι
813 3403 1062 3554 ἆλλξὶρὶποκού-
