2408 3780
151 150 193 214 44
507 154 612 212 ΠΛΑ
622 151 791 210 ΤΩΝΟΣ

151 317 182 379 εί
196 315 308 398 μέντοι
325 313 407 400 μήτε
423 312 459 379 τό
479 314 515 379 ἓν
527 308 601 397 μήτ’
616 314 719 377 ἐκεῖνο
732 308 776 396 μὴ
787 314 890 394 ἔσται,
912 308 995 378 ἀλλά
1006 310 1081 393 περὶ
1094 308 1153 377 ἀλ·

150 419 213 479 λον
229 438 290 479 τον
307 409 325 480 ὁ
338 410 451 496 λόγος,
474 407 552 476 οὐδὲ
566 411 777 494 φθέγγεσθαι
788 412 840 476 ἀεί
848 406 961 476 οὐδέν·
980 413 1010 476 εί
1020 406 1056 475 ἀὲ
1066 402 1104 474 τὸ
1117 410 1156 474 ἓν

150 511 256 578 ἐκείνο
276 512 331 578 καί
347 506 392 595 μη
410 505 490 574 ἀλλο
506 503 678 572 ὑπόκειται
697 505 741 593 μη
759 505 861 592 εἶναι,
882 509 937 574 καὶ
952 513 1014 574 τοῦ
1025 509 1156 574 ἐκείνου

150 610 204 674 καὶ
218 606 328 676 ἀλλων
347 610 481 673 πολλῶν
498 601 625 690 ἀνάγκη
644 600 735 694 αὐτῷ
745 618 899 689 μετεῖναι.
926 603 1095 672 Καλτάνν
1105 628 1154 690 γε.

149 707 215 772 Καὶ
238 703 433 791 ἀνομοιότης
453 697 508 784 ἀρ’
529 706 618 768 ἔστιν
637 698 729 787 αὐτῷ
749 700 833 785 πρὸς
852 701 893 770 τά
910 700 1001 770 ἀλλα.
1032 699 1072 768 τοὶ
1087 698 1155 786 μάρ

149 801 249 887 ἀλλα,
266 828 327 870 τον
339 825 519 883 ενοςετερα
529 825 611 867 οντα
619 815 772 886 ετεροια
782 829 836 868 και
827 799 933 886 είη
910 827 962 867 αν
993 804 1071 866 Ναί
1105 799 1155 865 Τά

150 898 212 967 δ’
196 911 301 985 ετεροί
300 926 320 965 α
332 897 393 966 οὐκ
405 896 537 979 ἀλλοίας
558 896 680 976 Πωςιλ’
691 899 750 979 οὕς
764 898 812 968 Τά
827 898 856 966 δ’
871 898 986 967 ἀλλοία
998 894 1061 964 οὐκ
1072 895 1156 964 ἀνό-

116 1012 243 1082 Βμοια;
262 993 417 1080 Ἀνόμοια
433 996 494 1080 μὲν
510 990 581 1063 οὖν.
616 995 751 1066 Οὐκοῦν
767 1008 858 1085 είκερ
875 1024 921 1088 τῳ
945 994 1034 1065 ἕνὶ’
1014 993 1154 1081 ανόμοιά

150 1099 231 1178 ἐστι,
255 1090 394 1179 &most
373 1118 425 1159 οτι
442 1090 587 1181 ἀνομοίῳ
604 1096 645 1161 τά
661 1123 699 1181 γε
717 1096 857 1217 ἀνόμοια
876 1095 1017 1182 ἀνόμοια
1033 1089 1077 1160 ἀν
1093 1102 1154 1180 είη.

150 1200 274 1278 Δῆλον.
305 1199 368 1277 Είη
387 1186 466 1278 δὴ
444 1219 488 1259 αν
505 1195 558 1258 καὶ
576 1219 621 1280 τῳ
610 1192 729 1263 ἕνλ’
711 1195 924 1282 ἀνομοιότης,
947 1193 1030 1277 πρός
1049 1188 1093 1279 ἣν
1113 1186 1154 1258 τά

153 1293 234 1360 ἀλλα
250 1289 391 1377 ἀνόμοια
408 1286 500 1374 αόνῳ
517 1291 614 1359 ἐστίν.
641 1290 777 1360 Ἔοικεν.
810 1299 854 1361 Εί
863 1292 898 1361 δὲ
911 1289 950 1379 δὴ
962 1298 1032 1358 τοῖν
1042 1288 1155 1359 ἀλλων

151 1388 347 1475 ἀνομοιότης
364 1394 452 1456 ἔστιν
469 1389 576 1477 αὐτῷ,
600 1381 654 1474 ἀρ’
674 1388 736 1457 οὐκ
754 1390 883 1477 ἀνάγκη
901 1393 1023 1458 ἑαυτοῦ
1039 1386 1155 1474 ὁμοιό-

149 1516 230 1576 τητα
246 1485 337 1577 αὐτῷ
354 1486 452 1564 είναι;
468 1493 563 1566 Πολςς
585 1492 629 1553 Ec
642 1487 717 1567 ἑνός
734 1487 931 1575 ἀνομοιότης
949 1493 1018 1555 ἔστι
1033 1494 1079 1578 τῳ
1091 1488 1150 1567 ἑνί,

150 1585 212 1656 οὐκ
232 1587 276 1654 ἀν
293 1610 359 1654 πον
376 1588 451 1671 περὶ
469 1593 531 1653 τοῦ
546 1586 699 1654 τοιούτου
710 1615 727 1655 ο
715 1584 837 1673 ’λόγος
848 1597 897 1673 είη
910 1589 983 1653 οιον
994 1591 1055 1653 τοῦ
1067 1583 1152 1669 ἑνός,

151 1681 259 1754 οόιλ’”
237 1714 310 1773 ανη
299 1683 487 1764 ’ὑπόθεσις
496 1695 546 1772 εἴη
557 1687 658 1779 περὶ
642 1684 729 1768 ενός,
742 1683 824 1754 ἀλλά
835 1710 909 1768 περι
898 1678 1086 1769 ἀλλονη“
1069 1683 1152 1761 ενός.

151 1884 200 1950 ἑνί
217 1880 322 1950 αὐτοῦ
339 1886 444 1973 ἑαντῳ
433 1880 556 1950 εἶναι.
591 1891 660 1949 Δεί.
694 1839 759 1947 Κάλ
775 1880 843 1965 μην
858 1876 933 1945 οὐδ’
946 1904 989 1945 αν
978 1870 1075 1945 ῗίσον
1086 1880 1153 1947 ἐστὶ

149 1994 218 2058 τοῖς
234 1979 353 2058 ἀλλοις.
385 1985 415 2047 εί
426 1978 494 2099 γὰρ
504 1989 554 2064 είη
567 1988 694 2063 ίσον,ε
696 1987 774 2062 ίητε
787 1973 830 2044 ἀν
841 1975 904 2063 ἤδη
915 1975 1002 2044 καλ’
982 2002 1099 2063 ομοιον
1109 1972 1153 2045 ἀν

150 2089 200 2166 τίη
223 2078 335 2158 αὐτοῖς
356 2079 439 2146 κατὰ
460 2079 521 2163 τὴν
540 2077 687 2163 ἰσότητα
706 2072 896 2143 ταῦταό”
878 2075 1049 2160 αμφότερα
1067 2072 1153 2141 ἀάν-

150 2204 249 2260 νατα,
272 2187 363 2259 είκερ
381 2203 425 2261 μη
444 2178 564 2242 ἒστιν“
544 2201 591 2243 εν,
622 2174 793 2241 Ἀδύνατα.
825 2171 951 2260 Ἐπειδὴ
964 2169 1051 2242 δὲ’
1012 2197 1074 2240 ουκ
1086 2178 1153 2240 ἐστι

148 2287 217 2352 τοῖς
227 2273 337 2352 ἀλλοις
348 2283 440 2357 ίσον,
463 2265 518 2358 ἀρ’
530 2271 593 2340 οὐκ
605 2271 733 2359 ἀνάγκη
745 2273 798 2340 καὶ
808 2265 901 2339 τᾶλλ’
914 2274 1028 2360 ἐκείνῳ
1040 2270 1085 2358 μη
1098 2280 1152 2338 ίσα

149 2369 248 2452 εἶναις
267 2370 418 2459 Ἀνάγκη
455 2371 503 2438 Τά
520 2371 616 2458 δὲμὴ
635 2381 690 2439 ίσα
708 2368 770 2438 οὐκ
791 2370 905 2449 ἀνισα;
929 2378 1005 2439 Ναί.
1046 2368 1094 2437 Τά
1116 2368 1152 2438 ἀὲ

148 2470 247 2538 ἀνισα
259 2468 301 2539 οὐ
311 2477 357 2560 τῷ
369 2468 472 2560 ἀνίσῳ
485 2469 600 2551 ἀνισας
615 2477 694 2550 Παῖς
706 2467 737 2537 δ’
752 2469 810 2551 οά;
829 2472 894 2539 Καὶ
906 2467 1097 2556 ἀνισότητος
1110 2469 1150 2556 δὴ

109 2587 129 2637 D
148 2573 272 2654 μετέχει
289 2566 326 2635 τὸ
338 2569 390 2653 ἕν,
413 2565 496 2650 πρὸς
506 2564 548 2652 ἣν
558 2560 653 2635 τᾶλλ’
664 2568 755 2658 αὐτῷ
766 2571 853 2638 ἐστὶν
863 2569 978 2651 ἄνισος
1001 2574 1150 2656 Μετέχει.

147 2663 242 2734 Ἀλλά
254 2668 367 2750 μέντοι
377 2662 570 2752 ἀνισότητός
580 2664 614 2751 γ’
626 2669 692 2735 ἐστὶ
702 2669 844 2754 μέγεθός
853 2695 888 2736 τε
899 2671 954 2738 καὶ
966 2668 1149 2755 σμικρότης.

139 2762 230 2829 Ἔστι
245 2762 319 2848 γάρ.
343 2760 456 2829 Ἔστιν
473 2761 539 2845 ἀρα
555 2765 609 2832 καί
625 2766 767 2852 μέγεθός
783 2793 818 2835 τε
834 2768 890 2834 καὶ
907 2767 1085 2853 σμικρότης
1105 2774 1152 2853 τῳ

146 2861 286 2950 τοιούτῳ
309 2861 374 2941 ἕνίς
394 2863 603 2931 Κινάννεόει.
633 2870 792 2951 Μέγεθος
807 2865 875 2952 μὴν
896 2869 951 2935 καί
974 2867 1152 2954 σμικρότης

146 2957 196 3028 ἀεὶ
207 2957 394 3044 ἀφέστατον
405 2957 570 3047 ἀλλήλοιν.
591 2965 749 3049 Πάννμε.
769 2962 906 3044 Μεταξὺ
917 2963 984 3046 ἀρα
993 2991 1025 3032 τι
1035 2964 1152 3033 αὐτοῖν

146 3056 201 3126 ἀεί
208 3061 305 3126 ἐστιν.
328 3057 448 3128 Ἔστιν.
461 3058 566 3147 Ἔχεις
577 3055 641 3130 οὖν
652 3089 683 3130 τι
694 3061 776 3131 ἀλλο
788 3067 892 3130 είπεϊν
902 3061 1022 3148 μεταξά
1035 3061 1151 3132 αότοῑν

144 3152 325 3245 ἢίσότητα;
349 3156 439 3245 Οόκ,
462 3157 546 3227 ἀλλά
562 3169 669 3228 τοῦτο.
693 3159 778 3250 Ὅτῳ
790 3157 855 3244 ἀρα
866 3165 934 3228 ἐστι
944 3163 1086 3249 μέγεθος
1096 3162 1152 3230 καί

145 3256 337 3343 σμικρότης,
363 3264 431 3326 ἔστι
448 3259 504 3326 καὶ
520 3258 630 3344 ἰσότης
646 3255 737 3347 αάτῳ
745 3310 754 3343 ,
776 3256 898 3345 μεταξὺ
909 3260 1043 3328 τούτοιν
1054 3253 1148 3328 οὖσα.

107 3366 127 3414 Ε
145 3359 309 3420 Φαίνεται.
345 3362 400 3444 Τῷ
416 3353 456 3441 δὴ
470 3357 519 3424 ἑνὶ
530 3354 574 3444 μὴ
586 3355 675 3438 όντι,
700 3355 744 3437 ἀς
755 3364 857 3444 ἔοικε,
881 3361 935 3426 καὶ
945 3359 1097 3446 ἰσότητος
1107 3354 1150 3426 ἀν
