2408 3780
159 180 200 244 46
517 184 620 241 ΠΛΑ
630 183 800 242 ΤΩΝΟΣ

161 343 349 427 στρέφοιτο·
369 339 493 412 ταύτοῦ
505 339 569 427 γάρ
581 338 732 427 οὐδαμοῦ
742 341 885 409 ἅπτεται.
918 337 958 410 ἀν
969 339 1034 428 γάρ
1045 344 1112 409 ἐστὶ
1124 342 1161 409 τό

159 439 295 508 ταύτόν·
318 439 354 509 τό
378 445 413 509 δέ
434 437 479 526 μὴ
501 435 542 506 ἀν
558 444 594 506 έν
611 465 656 524 τω
673 447 740 506 τῶν
757 439 865 507 ὄντων
881 437 1049 506 ἀδύνατον
1069 437 1163 508 εἶναι.

158 535 336 605 Ἀδύνατον
353 539 425 625 γάρ.
462 535 534 604 Ούκ
551 534 616 624 άρα
627 537 663 604 τό
677 541 714 605 ἓν
724 534 768 624 μὴ
781 531 822 605 ἀν
834 542 1036 623 στρέφεσθαι
1047 534 1092 604 ἀν
1102 537 1163 606 (λύ-

160 663 251 704 ναιτο
269 639 306 704 ἐν
323 639 436 724 ἐκείνω
456 641 492 702 έν
509 625 537 724 ᾦ
553 632 597 721 μὴ
615 640 713 702 ἔστιν.
746 632 798 701 Ού
814 628 960 720 γάρούν.
994 632 1163 722 Ούιλὲμὴν

160 733 353 804 ἀλλοιοῦταί
366 758 432 801 που
447 732 483 801 τὰ
503 736 539 800 ἓν
556 735 693 818 ἑαυτοῦ,
716 732 793 800 οὔτε
810 731 847 802 τὸ
866 729 906 802 ἀν
918 733 994 801 ούτε
1004 732 1043 801 τὸ
1053 733 1097 820 μὴ
1111 732 1163 802 ὅν.

160 834 201 902 ού
220 832 283 919 γάρ
302 830 345 900 ἀν
362 826 405 919 ἦν
419 831 436 899 ὁ
449 832 546 916 λύγος
557 835 603 898 ἔτι
614 833 759 916 περὶτοῦ
769 833 859 917 ἑνός,
885 842 974 917 είιτερ
986 830 1163 918 ἠλλοιοῦτο

160 931 241 998 αύτὸ
254 934 389 1015 ἑαυτοῦ,
403 927 486 996 ἀλλά
499 930 573 1011 περὶ
584 927 688 995 ἀλλον
698 930 795 1007 τινός.
821 927 957 1014 Ὀρθῶς.
982 935 1028 997 Ec
1037 933 1073 996 δὲ
1083 929 1162 1016 μήτ’

112 1048 130 1097 E
160 1028 349 1097 ἀλλοιοῦται
361 1028 441 1114 μήτε
452 1030 489 1095 ἐν
499 1025 608 1113 τούτῷ
618 1030 791 1112 στρέφεται
803 1030 882 1115 μήτε
894 1035 1093 1115 μεταβαίνει,
1105 1021 1149 1112 ἀρ

161 1125 205 1194 ἀν
222 1152 268 1214 πη
278 1132 324 1194 ἔτι
336 1140 475 1204 κινοίτο;
495 1123 661 1209 Πωςγάρς
682 1125 728 1192 Τό
738 1151 777 1211 γε
787 1124 854 1212 μὴν
865 1124 1022 1213 ἀκίνητον
1033 1124 1162 1213 ἀνάγκη

161 1225 300 1313 ἡσυχίαν
311 1223 420 1310 ἀγειν,
438 1221 474 1291 τὸ
487 1223 522 1291 δὲ
535 1220 697 1309 ἡσυχάζον
708 1224 850 1291 ἑστάναι.
878 1223 1027 1311 Ἀνάγκη.
1066 1222 1112 1293 Τὸ
1126 1227 1163 1292 ἓν

161 1326 243 1409 ἀρα,
268 1323 310 1402 ὡς
326 1329 448 1407 ἔοικεν,
471 1317 534 1388 ούκ
552 1316 593 1387 ἀν
611 1323 727 1408 ἕστηκέ
741 1349 776 1390 τε
788 1325 841 1390 καί
852 1337 997 1391 κινεῖται.
1018 1322 1161 1391 Ἔοικεν.

161 1428 227 1493 Καί
244 1423 309 1512 μὴν
327 1433 418 1510 είτερ
437 1447 475 1507 γε
491 1435 628 1488 κινεῖται
634 1471 643 1503 ,
666 1419 790 1505 μεγάλη
807 1419 935 1508 ἀνάγκη
948 1418 1038 1510 αὐτῷ
1050 1419 1160 1489 ἀλλοι·

96 1545 144 1599 163
160 1531 292 1591 ούσθαι.
322 1520 388 1609 ὅπη
402 1521 465 1606 γάρ
485 1518 528 1586 ἀν
543 1545 573 1586 τι
590 1525 731 1606 κινηθῇ,
752 1515 835 1585 κατά
858 1527 1020 1587 τοσοῦτον
1041 1516 1159 1588 οὐκέθ’

161 1621 316 1701 ὡσαύτως
331 1627 395 1708 έχει
408 1618 450 1698 ὡς
462 1618 563 1705 εἶχεν,
585 1613 661 1684 ἀλλ’
675 1620 800 1701 ἑτέρως.
835 1616 959 1696 Οὕτως.
991 1617 1156 1704 Κινούμει

159 1747 222 1788 νον
233 1722 273 1805 δὴ
285 1719 321 1787 τὸ
335 1724 370 1787 ἓν
382 1721 436 1786 καί
447 1718 644 1807 ἀλλοιοῦται.
668 1722 743 1782 Ναί.
763 1717 829 1782 Καὶ
840 1714 907 1802 μὴν
917 1720 1051 1805 μηδαμῇ
1060 1744 1099 1802 γε
1109 1745 1157 1784 κι-

160 1820 326 1903 νούμενον
337 1815 466 1904 οὐδαμῇ
478 1812 521 1882 ἀν
532 1815 705 1883 ἀλλοιοῖτο.
735 1813 869 1899 Ούγάρ.
899 1807 950 1881 ‘Hc
961 1814 1023 1899 μὲν
1032 1813 1161 1898 άρακν

160 1930 262 1984 νεῖται
276 1913 313 1983 τὸ
330 1912 391 1982 ούκ
410 1911 452 1981 ἀν
469 1917 523 1998 έν,
545 1912 748 1981 ἀλλοιοῦται·
772 1905 846 2000 ᾗδὲ
863 1915 906 1999 μη
919 1928 1072 1999 κινεῖται,
1097 1912 1160 1983 ούιι
1200 1928 1202 1935 ’

160 2013 357 2083 ἀλλοιοῦται.
393 2011 444 2081 Ού
462 2012 535 2097 γάρ.
574 2009 618 2078 Τό
632 2015 668 2077 ἓν
680 2008 744 2092 ἀρα
754 2008 797 2094 μή
810 2006 851 2076 ἀν
862 2009 1053 2080 ἀλλοιοῦταί
1059 2039 1095 2080 τε
1106 2015 1162 2080 καί

161 2112 223 2179 ούκ
240 2110 437 2179 ἀλλοιοῦται.
469 2116 632 2178 Φαίνεται.
666 2106 711 2174 Τὰ
731 2106 761 2174 δ’
776 2105 1016 2194 ἀλλοιούμενον
1027 2103 1083 2194 ἀρ’
1097 2109 1160 2179 οὐκ

161 2207 290 2296 ἀνάγκη
308 2217 484 2295 γίγνεσθαι
503 2208 563 2294 μὲν
580 2209 693 2292 ἕτερον
709 2200 731 2290 ἢ
748 2206 926 2292 πρότερον,
948 2206 1160 2277 ἀπόλλυσθαι

124 2333 141 2380 Β
162 2311 197 2379 δὲ
214 2315 249 2378 ἐκ
267 2317 326 2394 τῆς
342 2312 503 2394 προτέρας
522 2308 631 2386 ἕξεως·
650 2302 687 2372 τὸ
707 2304 742 2371 δὲ
759 2303 802 2392 μη
821 2302 1063 2392 ἀλλοιούμενον
1080 2307 1160 2394 μήτε

160 2416 333 2492 γίγνεσθαι
343 2406 423 2492 μήτε
435 2403 662 2485 ἀπύλλνσθαι;
682 2404 831 2493 Ἀνάγκη.
864 2411 929 2476 Καὶ
940 2407 976 2476 τό
991 2414 1026 2477 ἓν
1038 2409 1102 2494 ἀρα
1114 2407 1159 2495 μὴ

160 2502 200 2573 ἀν
216 2502 457 2586 ἀλλοιούμενον
473 2507 534 2587 μὲν
550 2512 698 2588 γίγνεταί
712 2533 746 2574 τε
757 2510 811 2574 καὶ
822 2505 1020 2594 ἀπόλλυται,
1043 2510 1087 2596 μὴ
1099 2507 1160 2576 άλ-

160 2602 356 2686 λοιούμενον
374 2604 410 2668 δὲ
426 2599 503 2667 ούτε
519 2608 665 2685 γίγνεται
681 2603 758 2670 ούτε
776 2603 972 2672 ἀπόλλυται·
994 2609 1049 2674 καὶ
1071 2605 1159 2674 οὕτω

159 2698 195 2766 τὸ
215 2702 251 2765 ἓν
268 2695 311 2783 μὴ
325 2694 366 2764 ἀν
376 2705 525 2783 γίγνεταί
531 2724 566 2766 τε
576 2701 632 2765 καί
643 2697 839 2785 ἀπόλλυται,
860 2706 914 2771 καὶ
926 2704 1002 2771 ούτε
1013 2712 1159 2788 γίγνεται

160 2796 231 2866 οὔτ’
246 2794 438 2864 ἀπόλλυται.
473 2795 525 2863 Ού
534 2794 598 2881 γάρ
612 2789 681 2864 οὖν.

243 2904 338 2965 XXV.
384 2887 494 2974 Αύθις
507 2893 546 2980 δὴ
559 2898 610 2963 ἐπὶ
627 2895 687 2980 τὴν
704 2894 808 2983 ἀρχὴν
824 2905 925 2982 ίωμεν
936 2898 1053 2981 πάλιν,
1075 2899 1159 2978 ὀψό-

160 3021 254 3083 μενοι
275 2999 304 3060 εί
323 2991 424 3060 ταύτά
447 2989 529 3078 ἡμῖνΙ
546 3008 698 3078 φανεῖται
720 2992 804 3077 άπερ
826 2997 880 3063 καί
900 3004 981 3079 νῦν,
1010 2990 1032 3080 ἦ
1054 2997 1158 3081 ἕτερα.

126 3118 144 3168 c
160 3090 253 3161 Ἀλλά
266 3091 336 3176 χρή.
371 3089 508 3159 Ούκούν
519 3095 556 3159 ἓν
568 3098 599 3160 εί
606 3091 649 3178 μη
665 3098 749 3177 ἔστι,
761 3097 884 3180 φαμέν,
895 3105 928 3162 τί
937 3092 998 3181 χρὴ
1011 3098 1085 3181 περὶ
1096 3098 1158 3165 αι’·-

159 3199 219 3259 τοῦ
231 3194 439 3276 ξυμβαίνεινς
460 3198 537 3259 Ναί.
564 3189 609 3260 Τό
622 3195 657 3260 ἀὲ
667 3193 711 3281 μη
724 3200 813 3262 ἔστιν
824 3192 904 3261 ὅταν
915 3197 1077 3281 λέγωμεν,
1093 3189 1158 3281 ἀρα

160 3290 204 3375 μή
215 3316 246 3355 τι
257 3288 337 3356 ἀλλο
350 3297 500 3375 σημαίνει
519 3288 541 3377 ἢ
558 3291 671 3372 ούσίας
688 3290 854 3361 ἀπουσίαν
869 3292 975 3382 τούτῳ
992 3285 1074 3380 ᾦάν
1085 3302 1158 3379 φώ-

160 3414 220 3474 μεν
239 3387 282 3474 μη“
301 3387 401 3456 εἷναιε
420 3389 530 3457 Οὐδὲν
541 3389 629 3458 ἀλλο.
671 3392 821 3479 Πότερον
839 3387 919 3479 οὖν,
942 3392 1024 3462 ὅταν
1041 3401 1157 3479 φῶμεν
