<?xml version="1.0" encoding="UTF-8"?>
<!DOCTYPE html PUBLIC "-//W3C//DTD XHTML 1.0 Transitional//EN"
    "http://www.w3.org/TR/xhtml1/DTD/xhtml1-transitional.dtd">
<html xmlns="http://www.w3.org/1999/xhtml" xml:lang="en" lang="en">
 <head>
  <title>
</title>
<meta http-equiv="Content-Type" content="text/html;charset=utf-8" />
  <meta name='ocr-system' content='tesseract 3.04.00' />
  <meta name='ocr-capabilities' content='ocr_page ocr_carea ocr_par ocr_line ocrx_word'/>
</head>
<body>
  <div class='ocr_page' id='page_1' title='image "./dialogisecundum03platgoog_0434.png"; bbox 0 0 2408 3780; ppageno 0'>
   <div class='ocr_carea' id='block_1_1' title="bbox 283 356 837 593">
    <p class='ocr_par' dir='ltr' id='par_1_1' title="bbox 283 356 837 593">
     <span class='ocr_line' id='line_1_1' title="bbox 430 356 693 448; baseline 0.011 -5"><span class='ocrx_word' id='word_1_1' title='bbox 430 356 693 448; x_wconf 80' lang='grc' dir='ltr'><em>ΘΕΑΙἯΣ</em></span> 
     </span>
     <span class='ocr_line' id='line_1_2' title="bbox 283 487 837 593; baseline -0.014 -23"><span class='ocrx_word' id='word_1_2' title='bbox 283 487 322 592; x_wconf 71' lang='grc' dir='ltr'><strong><em>[ἢ</em></strong></span> <span class='ocrx_word' id='word_1_3' title='bbox 342 496 419 586; x_wconf 83' lang='grc' dir='ltr'><strong><em>περί</em></strong></span> <span class='ocrx_word' id='word_1_4' title='bbox 447 499 593 589; x_wconf 81' lang='grc' dir='ltr'><strong><em>σοφίας·</em></strong></span> <span class='ocrx_word' id='word_1_5' title='bbox 612 494 837 593; x_wconf 65' lang='grc' dir='ltr'><strong><em>μαιευτικός]</em></strong></span> 
     </span>
    </p>
   </div>
   <div class='ocr_carea' id='block_1_2' title="bbox 252 724 872 784">
    <p class='ocr_par' dir='ltr' id='par_1_2' title="bbox 252 724 872 784">
     <span class='ocr_line' id='line_1_3' title="bbox 252 724 872 784; baseline -0.003 0"><span class='ocrx_word' id='word_1_6' title='bbox 252 727 303 784; x_wconf 85' lang='grc' dir='ltr'><strong><em>ΤΑ</em></strong></span> <span class='ocrx_word' id='word_1_7' title='bbox 325 726 409 784; x_wconf 77' lang='grc' dir='ltr'><strong><em>ΤΟΥ</em></strong></span> <span class='ocrx_word' id='word_1_8' title='bbox 427 724 651 783; x_wconf 74' lang='grc' dir='ltr'><em>ΔΙΑΛΟΓΟΥ</em></span> <span class='ocrx_word' id='word_1_9' title='bbox 668 724 872 784; x_wconf 72' lang='grc' dir='ltr'><em>ΠΡΟΣΩΠΑ</em></span> 
     </span>
    </p>
   </div>
   <div class='ocr_carea' id='block_1_3' title="bbox 129 837 1126 1007">
    <p class='ocr_par' dir='ltr' id='par_1_3' title="bbox 129 837 1126 1007">
     <span class='ocr_line' id='line_1_4' title="bbox 129 837 989 926; baseline -0.003 -19"><span class='ocrx_word' id='word_1_10' title='bbox 129 841 454 926; x_wconf 81' lang='grc' dir='ltr'><em>ΔΗΜΟΔΟΚΟΣ,</em></span> <span class='ocrx_word' id='word_1_11' title='bbox 477 839 758 925; x_wconf 74' lang='grc' dir='ltr'><strong><em>ΣΩΚΡΑΤΗΣ,</em></strong></span> <span class='ocrx_word' id='word_1_12' title='bbox 788 837 989 908; x_wconf 82' lang='grc' dir='ltr'><em>ΘΕΑΓΗΣ.</em></span> 
     </span>
     <span class='ocr_line' id='line_1_5' title="bbox 1063 951 1126 1007; baseline 0.048 -3"><span class='ocrx_word' id='word_1_13' title='bbox 1063 951 1126 1007; x_wconf 73' lang='grc' dir='ltr'><strong><em>εει</em></strong></span> 
     </span>
    </p>
   </div>
   <div class='ocr_carea' id='block_1_4' title="bbox 54 1039 1154 3452">
    <p class='ocr_par' dir='ltr' id='par_1_4' title="bbox 55 1039 1126 1372">
     <span class='ocr_line' id='line_1_6' title="bbox 139 1039 1126 1172; baseline 0.003 -21"><span class='ocrx_word' id='word_1_14' title='bbox 139 1092 161 1151; x_wconf 91' lang='grc' dir='ltr'><strong><em>Ι.</em></strong></span> <span class='ocrx_word' id='word_1_15' title='bbox 197 1061 254 1157; x_wconf 77' lang='grc' dir='ltr'><strong>Ὦ</strong></span> <span class='ocrx_word' id='word_1_16' title='bbox 268 1086 456 1172; x_wconf 73' lang='grc' dir='ltr'><strong><em>Σώκρατες,</em></strong></span> <span class='ocrx_word' id='word_1_17' title='bbox 468 1085 609 1171; x_wconf 76' lang='grc' dir='ltr'><strong><em>ἐδεόμην</em></strong></span> <span class='ocrx_word' id='word_1_18' title='bbox 619 1084 701 1153; x_wconf 87' lang='grc' dir='ltr'><strong><em>όίττα</em></strong></span> <span class='ocrx_word' id='word_1_19' title='bbox 712 1106 764 1155; x_wconf 90' lang='grc' dir='ltr'><strong><em>σοι</em></strong></span> <span class='ocrx_word' id='word_1_20' title='bbox 780 1083 1062 1169; x_wconf 78' lang='grc' dir='ltr'><strong><em>ίῦιολογήσασθαι,</em></strong></span> <span class='ocrx_word' id='word_1_21' title='bbox 1080 1039 1126 1156; x_wconf 55' lang='grc' dir='ltr'><strong><em>ῗλι</em></strong></span> 
     </span>
     <span class='ocr_line' id='line_1_7' title="bbox 55 1180 1063 1273; baseline -0.003 -19"><span class='ocrx_word' id='word_1_22' title='bbox 55 1190 86 1254; x_wconf 88' lang='grc' dir='ltr'><strong><em>εί</em></strong></span> <span class='ocrx_word' id='word_1_23' title='bbox 105 1185 221 1273; x_wconf 81' lang='grc' dir='ltr'><strong><em>σχολή·</em></strong></span> <span class='ocrx_word' id='word_1_24' title='bbox 245 1180 309 1254; x_wconf 75' lang='grc' dir='ltr'><strong><em>κόν</em></strong></span> <span class='ocrx_word' id='word_1_25' title='bbox 326 1192 358 1254; x_wconf 84' lang='grc' dir='ltr'><strong><em>εί</em></strong></span> <span class='ocrx_word' id='word_1_26' title='bbox 372 1183 508 1271; x_wconf 78' lang='grc' dir='ltr'><strong><em>ἀσχολία</em></strong></span> <span class='ocrx_word' id='word_1_27' title='bbox 528 1183 563 1252; x_wconf 71' lang='grc' dir='ltr'><strong><em>δὲ</em></strong></span> <span class='ocrx_word' id='word_1_28' title='bbox 580 1181 624 1271; x_wconf 76' lang='grc' dir='ltr'><strong><em>μὴ</em></strong></span> <span class='ocrx_word' id='word_1_29' title='bbox 643 1183 733 1253; x_wconf 80' lang='grc' dir='ltr'><strong><em>πάνυ</em></strong></span> <span class='ocrx_word' id='word_1_30' title='bbox 750 1210 798 1263; x_wconf 78' lang='grc' dir='ltr'><strong><em>τις</em></strong></span> <span class='ocrx_word' id='word_1_31' title='bbox 808 1184 951 1271; x_wconf 81' lang='grc' dir='ltr'><strong><em>μεγάλη,</em></strong></span> <span class='ocrx_word' id='word_1_32' title='bbox 974 1181 1063 1270; x_wconf 79' lang='grc' dir='ltr'><strong><em>ὅμως</em></strong></span> 
     </span>
     <span class='ocr_line' id='line_1_8' title="bbox 55 1281 549 1372; baseline -0.002 -21"><span class='ocrx_word' id='word_1_33' title='bbox 55 1287 137 1370; x_wconf 78' lang='grc' dir='ltr'><strong><em>ἐμοῦ</em></strong></span> <span class='ocrx_word' id='word_1_34' title='bbox 149 1286 264 1354; x_wconf 80' lang='grc' dir='ltr'><strong><em>ἕνεκεν</em></strong></span> <span class='ocrx_word' id='word_1_35' title='bbox 276 1291 410 1372; x_wconf 85' lang='grc' dir='ltr'><strong><em>ποίησαι</em></strong></span> <span class='ocrx_word' id='word_1_36' title='bbox 419 1281 549 1369; x_wconf 81' lang='grc' dir='ltr'><strong><em>σχολήν.</em></strong></span> 
     </span>
    </p>

    <p class='ocr_par' dir='ltr' id='par_1_5' title="bbox 56 1380 1063 1567">
     <span class='ocr_line' id='line_1_9' title="bbox 140 1380 1063 1468; baseline -0.005 -16"><span class='ocrx_word' id='word_1_37' title='bbox 140 1389 215 1452; x_wconf 76' lang='grc' dir='ltr'><strong><em>ΣΩ.</em></strong></span> <span class='ocrx_word' id='word_1_38' title='bbox 243 1381 339 1452; x_wconf 84' lang='grc' dir='ltr'><strong><em>Ἀλλόι</em></strong></span> <span class='ocrx_word' id='word_1_39' title='bbox 351 1386 405 1451; x_wconf 80' lang='grc' dir='ltr'><strong><em>καὶ</em></strong></span> <span class='ocrx_word' id='word_1_40' title='bbox 416 1381 524 1460; x_wconf 78' lang='grc' dir='ltr'><strong><em>ἄλλοις</em></strong></span> <span class='ocrx_word' id='word_1_41' title='bbox 532 1384 685 1468; x_wconf 78' lang='grc' dir='ltr'><em>τυγχάνω</em></span> <span class='ocrx_word' id='word_1_42' title='bbox 696 1382 871 1468; x_wconf 80' lang='grc' dir='ltr'><strong><em>σχολάζων,</em></strong></span> <span class='ocrx_word' id='word_1_43' title='bbox 881 1385 935 1451; x_wconf 85' lang='grc' dir='ltr'><strong><em>καὶ</em></strong></span> <span class='ocrx_word' id='word_1_44' title='bbox 947 1380 987 1467; x_wconf 78' lang='grc' dir='ltr'><strong><em>δὴ</em></strong></span> <span class='ocrx_word' id='word_1_45' title='bbox 999 1390 1063 1448; x_wconf 86' lang='grc' dir='ltr'><strong><em>σοῦ</em></strong></span> 
     </span>
     <span class='ocr_line' id='line_1_10' title="bbox 56 1480 955 1567; baseline -0.002 -18"><span class='ocrx_word' id='word_1_46' title='bbox 56 1506 94 1567; x_wconf 86' lang='grc' dir='ltr'><strong><em>γε</em></strong></span> <span class='ocrx_word' id='word_1_47' title='bbox 106 1483 203 1550; x_wconf 78' lang='grc' dir='ltr'><strong><em>ἕνεκα</em></strong></span> <span class='ocrx_word' id='word_1_48' title='bbox 215 1484 270 1551; x_wconf 79' lang='grc' dir='ltr'><strong><em>καὶ</em></strong></span> <span class='ocrx_word' id='word_1_49' title='bbox 282 1483 382 1550; x_wconf 82' lang='grc' dir='ltr'><strong><em>πάνυ.</em></strong></span> <span class='ocrx_word' id='word_1_50' title='bbox 395 1480 467 1550; x_wconf 80' lang='grc' dir='ltr'><strong><em>ἀλλ’</em></strong></span> <span class='ocrx_word' id='word_1_51' title='bbox 483 1488 513 1552; x_wconf 87' lang='grc' dir='ltr'><strong><em>εί</em></strong></span> <span class='ocrx_word' id='word_1_52' title='bbox 522 1508 552 1548; x_wconf 86' lang='grc' dir='ltr'><strong><em>τι</em></strong></span> <span class='ocrx_word' id='word_1_53' title='bbox 563 1481 678 1567; x_wconf 82' lang='grc' dir='ltr'><strong><em>βούλει</em></strong></span> <span class='ocrx_word' id='word_1_54' title='bbox 687 1484 811 1567; x_wconf 81' lang='grc' dir='ltr'><strong><em>λέγειν,</em></strong></span> <span class='ocrx_word' id='word_1_55' title='bbox 823 1486 955 1562; x_wconf 79' lang='grc' dir='ltr'><strong><em>ἔξεστιν.</em></strong></span> 
     </span>
    </p>

    <p class='ocr_par' dir='ltr' id='par_1_6' title="bbox 56 1573 1062 1766">
     <span class='ocr_line' id='line_1_11' title="bbox 140 1573 1062 1666; baseline -0.001 -17"><span class='ocrx_word' id='word_1_56' title='bbox 140 1589 218 1649; x_wconf 86' lang='grc' dir='ltr'><strong><em>ΔΗ.</em></strong></span> <span class='ocrx_word' id='word_1_57' title='bbox 249 1582 370 1650; x_wconf 83' lang='grc' dir='ltr'><strong><em>Βούλει</em></strong></span> <span class='ocrx_word' id='word_1_58' title='bbox 382 1573 446 1649; x_wconf 87' lang='grc' dir='ltr'><strong><em>οῦν</em></strong></span> <span class='ocrx_word' id='word_1_59' title='bbox 457 1586 557 1666; x_wconf 80' lang='grc' dir='ltr'><strong><em>δεῦρο</em></strong></span> <span class='ocrx_word' id='word_1_60' title='bbox 569 1585 615 1659; x_wconf 80' lang='grc' dir='ltr'><strong><em>είς</em></strong></span> <span class='ocrx_word' id='word_1_61' title='bbox 624 1576 686 1666; x_wconf 77' lang='grc' dir='ltr'><strong><em>τὴν</em></strong></span> <span class='ocrx_word' id='word_1_62' title='bbox 694 1586 755 1647; x_wconf 88' lang='grc' dir='ltr'><strong><em>τοῦ</em></strong></span> <span class='ocrx_word' id='word_1_63' title='bbox 761 1577 843 1659; x_wconf 85' lang='grc' dir='ltr'><strong><em>Διὸς</em></strong></span> <span class='ocrx_word' id='word_1_64' title='bbox 854 1587 914 1647; x_wconf 90' lang='grc' dir='ltr'><strong><em>τοῦ</em></strong></span> <span class='ocrx_word' id='word_1_65' title='bbox 926 1581 1062 1649; x_wconf 80' lang='grc' dir='ltr'><strong><em>ἐλευθε-</em></strong></span> 
     </span>
     <span class='ocr_line' id='line_1_12' title="bbox 56 1677 706 1766; baseline -0.003 -19"><span class='ocrx_word' id='word_1_66' title='bbox 56 1686 131 1763; x_wconf 84' lang='grc' dir='ltr'><strong><em>ρίου</em></strong></span> <span class='ocrx_word' id='word_1_67' title='bbox 145 1678 246 1749; x_wconf 83' lang='grc' dir='ltr'><strong><em>σιοὰν</em></strong></span> <span class='ocrx_word' id='word_1_68' title='bbox 257 1677 411 1748; x_wconf 71' lang='grc' dir='ltr'><strong><em>ἐκποδών</em></strong></span> <span class='ocrx_word' id='word_1_69' title='bbox 422 1677 706 1766; x_wconf 76' lang='grc' dir='ltr'><strong><em>ἆποχωρήσωμεν;</em></strong></span> 
     </span>
    </p>

    <p class='ocr_par' dir='ltr' id='par_1_7' title="bbox 120 1781 459 1849">
     <span class='ocr_line' id='line_1_13' title="bbox 120 1781 459 1849; baseline -0.006 -1"><span class='ocrx_word' id='word_1_70' title='bbox 120 1834 122 1839; x_wconf 85' lang='grc'>.</span> <span class='ocrx_word' id='word_1_71' title='bbox 139 1785 214 1849; x_wconf 73' lang='grc' dir='ltr'><strong><em>ΣΩ.</em></strong></span> <span class='ocrx_word' id='word_1_72' title='bbox 245 1785 289 1847; x_wconf 73' lang='lat' dir='ltr'><strong><em>Ec</em></strong></span> <span class='ocrx_word' id='word_1_73' title='bbox 297 1781 349 1848; x_wconf 80' lang='grc' dir='ltr'><strong><em>σοί</em></strong></span> <span class='ocrx_word' id='word_1_74' title='bbox 361 1785 459 1848; x_wconf 78' lang='grc' dir='ltr'><strong><em>δοκεῖ.</em></strong></span> 
     </span>
    </p>

    <p class='ocr_par' dir='ltr' id='par_1_8' title="bbox 54 1869 1154 3452">
     <span class='ocr_line' id='line_1_14' title="bbox 138 1869 1099 1964; baseline -0.001 -19"><span class='ocrx_word' id='word_1_75' title='bbox 138 1885 214 1945; x_wconf 86' lang='grc' dir='ltr'><strong><em>ΛΗ.</em></strong></span> <span class='ocrx_word' id='word_1_76' title='bbox 238 1878 359 1964; x_wconf 81' lang='grc' dir='ltr'><strong><em>Ἴωμεν</em></strong></span> <span class='ocrx_word' id='word_1_77' title='bbox 377 1877 435 1964; x_wconf 80' lang='grc' dir='ltr'><strong><em>δή,</em></strong></span> <span class='ocrx_word' id='word_1_78' title='bbox 458 1869 486 1943; x_wconf 77' lang='grc' dir='ltr'><strong><em>ό</em></strong></span> <span class='ocrx_word' id='word_1_79' title='bbox 502 1875 685 1960; x_wconf 79' lang='grc' dir='ltr'><strong><em>Σώκρατες.</em></strong></span> <span class='ocrx_word' id='word_1_80' title='bbox 707 1874 866 1946; x_wconf 81' lang='grc' dir='ltr'><strong><em>πάντατὰ</em></strong></span> <span class='ocrx_word' id='word_1_81' title='bbox 885 1875 972 1963; x_wconf 85' lang='grc' dir='ltr'><strong><em>φυτόι</em></strong></span> <span class='ocrx_word' id='word_1_82' title='bbox 989 1905 1062 1945; x_wconf 80' lang='lat' dir='ltr'><strong><em>uw-</em></strong></span> <span class='ocrx_word' id='word_1_83' title='bbox 1078 1895 1099 1944; x_wconf 87' lang='lat' dir='ltr'>B</span> 
     </span>
     <span class='ocr_line' id='line_1_15' title="bbox 56 1973 1147 2062; baseline 0 -19"><span class='ocrx_word' id='word_1_84' title='bbox 56 1976 188 2043; x_wconf 79' lang='grc' dir='ltr'><strong><em>ὃννεύει</em></strong></span> <span class='ocrx_word' id='word_1_85' title='bbox 200 1974 259 2044; x_wconf 86' lang='grc' dir='ltr'><strong><em>τὸν</em></strong></span> <span class='ocrx_word' id='word_1_86' title='bbox 277 1973 381 2044; x_wconf 82' lang='grc' dir='ltr'><strong><em>αὐτόν</em></strong></span> <span class='ocrx_word' id='word_1_87' title='bbox 398 1975 525 2061; x_wconf 91' lang='grc' dir='ltr'><strong><em>τρόπον</em></strong></span> <span class='ocrx_word' id='word_1_88' title='bbox 540 1980 642 2062; x_wconf 82' lang='grc' dir='ltr'><strong><em>ἔχειν,</em></strong></span> <span class='ocrx_word' id='word_1_89' title='bbox 666 1978 720 2044; x_wconf 78' lang='grc' dir='ltr'><strong><em>καὶ</em></strong></span> <span class='ocrx_word' id='word_1_90' title='bbox 736 1974 776 2044; x_wconf 79' lang='grc' dir='ltr'><strong><em>τὰ</em></strong></span> <span class='ocrx_word' id='word_1_91' title='bbox 788 1978 823 2043; x_wconf 81' lang='grc' dir='ltr'><strong><em>ἐκ</em></strong></span> <span class='ocrx_word' id='word_1_92' title='bbox 833 1984 890 2062; x_wconf 80' lang='grc' dir='ltr'><strong><em>τῆς</em></strong></span> <span class='ocrx_word' id='word_1_93' title='bbox 901 1983 960 2062; x_wconf 80' lang='grc' dir='ltr'><strong><em>γῆς</em></strong></span> <span class='ocrx_word' id='word_1_94' title='bbox 973 1976 1061 2061; x_wconf 82' lang='grc' dir='ltr'><strong><em>φυό·</em></strong></span> <span class='ocrx_word' id='word_1_95' title='bbox 1144 2016 1147 2023; x_wconf 88' lang='grc'><strong><em>·</em></strong></span> 
     </span>
     <span class='ocr_line' id='line_1_16' title="bbox 55 2072 1062 2162; baseline 0.001 -21"><span class='ocrx_word' id='word_1_96' title='bbox 55 2100 139 2161; x_wconf 82' lang='grc' dir='ltr'><strong><em>μενοι</em></strong></span> <span class='ocrx_word' id='word_1_97' title='bbox 157 2076 211 2143; x_wconf 79' lang='grc' dir='ltr'><strong><em>καί</em></strong></span> <span class='ocrx_word' id='word_1_98' title='bbox 229 2073 269 2141; x_wconf 84' lang='grc' dir='ltr'><strong><em>τὰ</em></strong></span> <span class='ocrx_word' id='word_1_99' title='bbox 287 2080 369 2158; x_wconf 78' lang='grc' dir='ltr'><strong><em>ζόα,</em></strong></span> <span class='ocrx_word' id='word_1_100' title='bbox 390 2073 481 2143; x_wconf 82' lang='grc' dir='ltr'><strong><em>τότε</em></strong></span> <span class='ocrx_word' id='word_1_101' title='bbox 498 2072 582 2143; x_wconf 86' lang='grc' dir='ltr'><strong><em>όὶλλα</em></strong></span> <span class='ocrx_word' id='word_1_102' title='bbox 600 2078 653 2143; x_wconf 82' lang='grc' dir='ltr'><strong><em>καὶ</em></strong></span> <span class='ocrx_word' id='word_1_103' title='bbox 669 2075 857 2162; x_wconf 76' lang='grc' dir='ltr'><strong><em>ἅνθρωπος.</em></strong></span> <span class='ocrx_word' id='word_1_104' title='bbox 884 2072 1013 2160; x_wconf 79' lang='grc' dir='ltr'><strong><em>καὶγὰρ</em></strong></span> <span class='ocrx_word' id='word_1_105' title='bbox 1025 2078 1062 2143; x_wconf 80' lang='grc' dir='ltr'><strong><em>ἐν</em></strong></span> 
     </span>
     <span class='ocr_line' id='line_1_17' title="bbox 54 2171 1063 2263; baseline 0 -23"><span class='ocrx_word' id='word_1_106' title='bbox 54 2186 123 2252; x_wconf 75' lang='grc' dir='ltr'><strong><em>τοῖς</em></strong></span> <span class='ocrx_word' id='word_1_107' title='bbox 140 2187 257 2258; x_wconf 76' lang='grc' dir='ltr'><strong><em>φυτοῖς</em></strong></span> <span class='ocrx_word' id='word_1_108' title='bbox 275 2176 399 2263; x_wconf 80' lang='grc' dir='ltr'><strong><em>ῥᾷστον</em></strong></span> <span class='ocrx_word' id='word_1_109' title='bbox 416 2171 495 2260; x_wconf 78' lang='grc' dir='ltr'><strong><em>ἡμίν</em></strong></span> <span class='ocrx_word' id='word_1_110' title='bbox 512 2181 611 2242; x_wconf 86' lang='grc' dir='ltr'><strong><em>τοῦτο</em></strong></span> <span class='ocrx_word' id='word_1_111' title='bbox 632 2183 795 2261; x_wconf 86' lang='grc' dir='ltr'><strong><em>γίγνεται,</em></strong></span> <span class='ocrx_word' id='word_1_112' title='bbox 819 2172 893 2242; x_wconf 84' lang='grc' dir='ltr'><strong><em>ὅσοι</em></strong></span> <span class='ocrx_word' id='word_1_113' title='bbox 915 2171 977 2259; x_wconf 76' lang='grc' dir='ltr'><strong><em>τὴν</em></strong></span> <span class='ocrx_word' id='word_1_114' title='bbox 998 2181 1063 2261; x_wconf 85' lang='grc' dir='ltr'><strong><em>γῆν</em></strong></span> 
     </span>
     <span class='ocr_line' id='line_1_18' title="bbox 55 2268 1060 2359; baseline -0.001 -20"><span class='ocrx_word' id='word_1_115' title='bbox 55 2277 279 2358; x_wconf 74' lang='grc' dir='ltr'><strong><em>γεωργοῦμεν,</em></strong></span> <span class='ocrx_word' id='word_1_116' title='bbox 292 2268 328 2340; x_wconf 80' lang='grc' dir='ltr'><strong><em>τό</em></strong></span> <span class='ocrx_word' id='word_1_117' title='bbox 342 2270 662 2356; x_wconf 80' lang='grc' dir='ltr'><strong><em>παρασκευάσασθαι</em></strong></span> <span class='ocrx_word' id='word_1_118' title='bbox 673 2272 780 2341; x_wconf 79' lang='grc' dir='ltr'><strong><em>πάντα</em></strong></span> <span class='ocrx_word' id='word_1_119' title='bbox 790 2271 829 2341; x_wconf 83' lang='grc' dir='ltr'><strong><em>τόι</em></strong></span> <span class='ocrx_word' id='word_1_120' title='bbox 841 2274 905 2355; x_wconf 81' lang='grc' dir='ltr'><strong><em>πρὸ</em></strong></span> <span class='ocrx_word' id='word_1_121' title='bbox 917 2279 978 2339; x_wconf 90' lang='grc' dir='ltr'><strong><em>τοῦ</em></strong></span> <span class='ocrx_word' id='word_1_122' title='bbox 992 2298 1060 2359; x_wconf 92' lang='grc' dir='ltr'><strong><em>φυ-</em></strong></span> 
     </span>
     <span class='ocr_line' id='line_1_19' title="bbox 55 2367 1061 2457; baseline 0.001 -20"><span class='ocrx_word' id='word_1_123' title='bbox 55 2370 165 2437; x_wconf 87' lang='grc' dir='ltr'><strong><em>τεύειν</em></strong></span> <span class='ocrx_word' id='word_1_124' title='bbox 183 2372 237 2438; x_wconf 86' lang='grc' dir='ltr'><strong><em>καὶ</em></strong></span> <span class='ocrx_word' id='word_1_125' title='bbox 255 2367 337 2439; x_wconf 87' lang='grc' dir='ltr'><strong><em>αύτὸ</em></strong></span> <span class='ocrx_word' id='word_1_126' title='bbox 355 2368 392 2439; x_wconf 82' lang='grc' dir='ltr'><strong><em>τό</em></strong></span> <span class='ocrx_word' id='word_1_127' title='bbox 416 2379 595 2457; x_wconf 87' lang='grc' dir='ltr'><strong><em>φυτεῦσαι·</em></strong></span> <span class='ocrx_word' id='word_1_128' title='bbox 618 2370 752 2440; x_wconf 73' lang='grc' dir='ltr'><strong><em>ἐπειδᾶν</em></strong></span> <span class='ocrx_word' id='word_1_129' title='bbox 772 2371 808 2440; x_wconf 70' lang='grc' dir='ltr'><strong><em>δὲ</em></strong></span> <span class='ocrx_word' id='word_1_130' title='bbox 829 2369 866 2439; x_wconf 82' lang='grc' dir='ltr'><strong><em>τό</em></strong></span> <span class='ocrx_word' id='word_1_131' title='bbox 890 2372 1061 2457; x_wconf 73' lang='grc' dir='ltr'><strong><em>φυτευθὲν</em></strong></span> 
     </span>
     <span class='ocr_line' id='line_1_20' title="bbox 54 2467 1063 2558; baseline -0.001 -21"><span class='ocrx_word' id='word_1_132' title='bbox 54 2476 120 2558; x_wconf 75' lang='grc' dir='ltr'><strong><em>βιῷ</em></strong></span> <span class='ocrx_word' id='word_1_133' title='bbox 126 2521 136 2555; x_wconf 77' lang='lat'>,</span> <span class='ocrx_word' id='word_1_134' title='bbox 154 2467 234 2556; x_wconf 78' lang='grc' dir='ltr'><strong><em>μετὰ</em></strong></span> <span class='ocrx_word' id='word_1_135' title='bbox 252 2477 350 2538; x_wconf 87' lang='grc' dir='ltr'><strong><em>τοῦτο</em></strong></span> <span class='ocrx_word' id='word_1_136' title='bbox 367 2477 528 2555; x_wconf 78' lang='grc' dir='ltr'><strong><em>θεραπεία</em></strong></span> <span class='ocrx_word' id='word_1_137' title='bbox 544 2479 605 2538; x_wconf 90' lang='grc' dir='ltr'><strong><em>τοῦ</em></strong></span> <span class='ocrx_word' id='word_1_138' title='bbox 618 2468 744 2556; x_wconf 81' lang='grc' dir='ltr'><strong><em>φύντος</em></strong></span> <span class='ocrx_word' id='word_1_139' title='bbox 757 2471 811 2538; x_wconf 81' lang='grc' dir='ltr'><strong><em>καὶ</em></strong></span> <span class='ocrx_word' id='word_1_140' title='bbox 822 2469 925 2556; x_wconf 77' lang='grc' dir='ltr'><strong><em>πολλὴ</em></strong></span> <span class='ocrx_word' id='word_1_141' title='bbox 938 2471 991 2538; x_wconf 81' lang='grc' dir='ltr'><strong><em>καί</em></strong></span> <span class='ocrx_word' id='word_1_142' title='bbox 1002 2495 1063 2556; x_wconf 86' lang='grc' dir='ltr'><strong><em>χα-</em></strong></span> 
     </span>
     <span class='ocr_line' id='line_1_21' title="bbox 54 2565 1098 2656; baseline -0.004 -20"><span class='ocrx_word' id='word_1_143' title='bbox 54 2565 138 2654; x_wconf 74' lang='grc' dir='ltr'><strong><em>λεπὴ</em></strong></span> <span class='ocrx_word' id='word_1_144' title='bbox 158 2570 211 2637; x_wconf 85' lang='grc' dir='ltr'><strong><em>καὶ</em></strong></span> <span class='ocrx_word' id='word_1_145' title='bbox 229 2569 392 2648; x_wconf 75' lang='grc' dir='ltr'><strong><em>δύσκολος</em></strong></span> <span class='ocrx_word' id='word_1_146' title='bbox 408 2576 564 2656; x_wconf 84' lang='grc' dir='ltr'><strong><em>γίγνεται.</em></strong></span> <span class='ocrx_word' id='word_1_147' title='bbox 585 2567 673 2637; x_wconf 82' lang='grc' dir='ltr'><strong><em>οὕτω</em></strong></span> <span class='ocrx_word' id='word_1_148' title='bbox 695 2569 730 2637; x_wconf 73' lang='grc' dir='ltr'><strong><em>δὲ</em></strong></span> <span class='ocrx_word' id='word_1_149' title='bbox 748 2572 832 2654; x_wconf 81' lang='grc' dir='ltr'><strong><em>ἔχειν</em></strong></span> <span class='ocrx_word' id='word_1_150' title='bbox 849 2575 934 2637; x_wconf 83' lang='grc' dir='ltr'><strong><em>ἔοικε</em></strong></span> <span class='ocrx_word' id='word_1_151' title='bbox 953 2568 1060 2636; x_wconf 75' lang='grc' dir='ltr'><strong><em>καὶτὸ</em></strong></span> <span class='ocrx_word' id='word_1_152' title='bbox 1079 2581 1098 2632; x_wconf 84' lang='lat' dir='ltr'>c</span> 
     </span>
     <span class='ocr_line' id='line_1_22' title="bbox 57 2665 1062 2755; baseline 0.002 -22"><span class='ocrx_word' id='word_1_153' title='bbox 57 2668 215 2752; x_wconf 79' lang='grc' dir='ltr'><strong><em>περὶτῶν</em></strong></span> <span class='ocrx_word' id='word_1_154' title='bbox 232 2665 444 2752; x_wconf 77' lang='grc' dir='ltr'><strong><em>ἀνθρώπων·</em></strong></span> <span class='ocrx_word' id='word_1_155' title='bbox 467 2666 531 2735; x_wconf 81' lang='grc' dir='ltr'><strong><em>ἄπό</em></strong></span> <span class='ocrx_word' id='word_1_156' title='bbox 544 2675 613 2736; x_wconf 78' lang='grc' dir='ltr'><strong><em>τῶν</em></strong></span> <span class='ocrx_word' id='word_1_157' title='bbox 624 2671 770 2755; x_wconf 81' lang='grc' dir='ltr'><strong><em>ἐμαυτοῦ</em></strong></span> <span class='ocrx_word' id='word_1_158' title='bbox 784 2667 847 2752; x_wconf 75' lang='grc' dir='ltr'><strong><em>ἐγώ</em></strong></span> <span class='ocrx_word' id='word_1_159' title='bbox 859 2667 1062 2755; x_wconf 82' lang='grc' dir='ltr'><strong><em>πραγμάτων</em></strong></span> 
     </span>
     <span class='ocr_line' id='line_1_23' title="bbox 56 2760 1063 2855; baseline 0.003 -23"><span class='ocrx_word' id='word_1_160' title='bbox 56 2772 273 2852; x_wconf 82' lang='grc' dir='ltr'><strong><em>τεκμαίρομαι</em></strong></span> <span class='ocrx_word' id='word_1_161' title='bbox 290 2769 344 2834; x_wconf 83' lang='grc' dir='ltr'><strong><em>καί</em></strong></span> <span class='ocrx_word' id='word_1_162' title='bbox 361 2770 395 2847; x_wconf 80' lang='grc' dir='ltr'><strong><em>ἐς</em></strong></span> <span class='ocrx_word' id='word_1_163' title='bbox 412 2760 523 2835; x_wconf 80' lang='grc' dir='ltr'><strong><em>τᾶλλα.</em></strong></span> <span class='ocrx_word' id='word_1_164' title='bbox 537 2770 600 2846; x_wconf 83' lang='grc' dir='ltr'><strong><em>καὶ</em></strong></span> <span class='ocrx_word' id='word_1_165' title='bbox 616 2766 681 2853; x_wconf 72' lang='grc' dir='ltr'><strong><em>γὰρ</em></strong></span> <span class='ocrx_word' id='word_1_166' title='bbox 700 2765 874 2855; x_wconf 77' lang='grc' dir='ltr'><strong><em>ἐμοίὴτοῦ</em></strong></span> <span class='ocrx_word' id='word_1_167' title='bbox 884 2770 972 2848; x_wconf 82' lang='grc' dir='ltr'><strong><em>υίέος</em></strong></span> <span class='ocrx_word' id='word_1_168' title='bbox 983 2792 1063 2836; x_wconf 89' lang='grc' dir='ltr'><strong><em>του-</em></strong></span> 
     </span>
     <span class='ocr_line' id='line_1_24' title="bbox 56 2863 1062 2954; baseline 0.002 -23"><span class='ocrx_word' id='word_1_169' title='bbox 56 2868 147 2947; x_wconf 86' lang='grc' dir='ltr'><strong><em>τουλ,</em></strong></span> <span class='ocrx_word' id='word_1_170' title='bbox 170 2873 233 2932; x_wconf 74' lang='grc' dir='ltr'><strong><em>εἴτε</em></strong></span> <span class='ocrx_word' id='word_1_171' title='bbox 250 2873 390 2950; x_wconf 90' lang='grc' dir='ltr'><strong><em>φυτείαν</em></strong></span> <span class='ocrx_word' id='word_1_172' title='bbox 401 2876 464 2935; x_wconf 84' lang='grc' dir='ltr'><strong><em>είτε</em></strong></span> <span class='ocrx_word' id='word_1_173' title='bbox 477 2870 690 2936; x_wconf 77' lang='grc' dir='ltr'><strong><em>παιδοποιίαν</em></strong></span> <span class='ocrx_word' id='word_1_174' title='bbox 703 2872 754 2936; x_wconf 76' lang='grc' dir='ltr'><strong><em>δεῖ</em></strong></span> <span class='ocrx_word' id='word_1_175' title='bbox 760 2864 867 2954; x_wconf 80' lang='grc' dir='ltr'><strong><em>αὐτὴν</em></strong></span> <span class='ocrx_word' id='word_1_176' title='bbox 877 2863 1062 2954; x_wconf 79' lang='grc' dir='ltr'><strong><em>ὀνομάζειν,</em></strong></span> 
     </span>
     <span class='ocr_line' id='line_1_25' title="bbox 55 2961 1063 3055; baseline 0.001 -24"><span class='ocrx_word' id='word_1_177' title='bbox 55 2961 194 3031; x_wconf 78' lang='grc' dir='ltr'><strong><em>πάντων</em></strong></span> <span class='ocrx_word' id='word_1_178' title='bbox 205 2963 308 3051; x_wconf 74' lang='grc' dir='ltr'><strong><em>ῥᾴστη</em></strong></span> <span class='ocrx_word' id='word_1_179' title='bbox 318 2965 465 3050; x_wconf 84' lang='grc' dir='ltr'><strong><em>γέγονεν,</em></strong></span> <span class='ocrx_word' id='word_1_180' title='bbox 479 2962 546 3052; x_wconf 73' lang='grc' dir='ltr'><strong><em>ἡδὲ</em></strong></span> <span class='ocrx_word' id='word_1_181' title='bbox 556 2965 662 3055; x_wconf 77' lang='grc' dir='ltr'><strong><em>τροφὴ</em></strong></span> <span class='ocrx_word' id='word_1_182' title='bbox 674 2965 839 3046; x_wconf 78' lang='grc' dir='ltr'><strong><em>δύσκολός</em></strong></span> <span class='ocrx_word' id='word_1_183' title='bbox 850 2991 885 3033; x_wconf 90' lang='grc' dir='ltr'><strong><em>τε</em></strong></span> <span class='ocrx_word' id='word_1_184' title='bbox 897 2968 950 3033; x_wconf 81' lang='grc' dir='ltr'><strong><em>καί</em></strong></span> <span class='ocrx_word' id='word_1_185' title='bbox 962 2963 1012 3032; x_wconf 75' lang='grc' dir='ltr'><strong><em>ἀεὶ</em></strong></span> <span class='ocrx_word' id='word_1_186' title='bbox 1026 2968 1063 3033; x_wconf 83' lang='grc' dir='ltr'><strong><em>ἐν</em></strong></span> 
     </span>
     <span class='ocr_line' id='line_1_26' title="bbox 57 3059 1061 3152; baseline 0.004 -23"><span class='ocrx_word' id='word_1_187' title='bbox 57 3061 155 3150; x_wconf 79' lang='grc' dir='ltr'><strong><em>φόβῳ</em></strong></span> <span class='ocrx_word' id='word_1_188' title='bbox 170 3064 244 3148; x_wconf 80' lang='grc' dir='ltr'><strong><em>περὶ</em></strong></span> <span class='ocrx_word' id='word_1_189' title='bbox 256 3059 360 3132; x_wconf 83' lang='grc' dir='ltr'><strong><em>αὐτοῦ</em></strong></span> <span class='ocrx_word' id='word_1_190' title='bbox 370 3063 501 3134; x_wconf 78' lang='grc' dir='ltr'><strong><em>δεδιότι.</em></strong></span> <span class='ocrx_word' id='word_1_191' title='bbox 524 3064 563 3133; x_wconf 76' lang='grc' dir='ltr'><strong><em>ταὶ</em></strong></span> <span class='ocrx_word' id='word_1_192' title='bbox 582 3069 642 3152; x_wconf 73' lang='grc' dir='ltr'><strong><em>μὲν</em></strong></span> <span class='ocrx_word' id='word_1_193' title='bbox 657 3059 722 3136; x_wconf 87' lang='grc' dir='ltr'><strong><em>οῦν</em></strong></span> <span class='ocrx_word' id='word_1_194' title='bbox 739 3064 822 3134; x_wconf 77' lang='grc' dir='ltr'><strong><em>ἄλλα</em></strong></span> <span class='ocrx_word' id='word_1_195' title='bbox 840 3063 945 3134; x_wconf 80' lang='grc' dir='ltr'><strong><em>πολλὰ</em></strong></span> <span class='ocrx_word' id='word_1_196' title='bbox 956 3059 1000 3134; x_wconf 79' lang='grc' dir='ltr'><strong><em>όν</em></strong></span> <span class='ocrx_word' id='word_1_197' title='bbox 1011 3073 1061 3150; x_wconf 78' lang='grc' dir='ltr'><strong><em>εἴη</em></strong></span> 
     </span>
     <span class='ocr_line' id='line_1_27' title="bbox 57 3157 1060 3255; baseline 0.002 -26"><span class='ocrx_word' id='word_1_198' title='bbox 57 3164 182 3248; x_wconf 81' lang='grc' dir='ltr'><strong><em>λέγειν,</em></strong></span> <span class='ocrx_word' id='word_1_199' title='bbox 193 3157 214 3247; x_wconf 83' lang='grc' dir='ltr'><em>ἡ</em></span> <span class='ocrx_word' id='word_1_200' title='bbox 227 3160 262 3229; x_wconf 73' lang='grc' dir='ltr'><strong><em>δὲ</em></strong></span> <span class='ocrx_word' id='word_1_201' title='bbox 272 3169 337 3230; x_wconf 92' lang='grc' dir='ltr'><strong><em>νῦν</em></strong></span> <span class='ocrx_word' id='word_1_202' title='bbox 348 3171 500 3248; x_wconf 87' lang='grc' dir='ltr'><strong><em>παροῦσα</em></strong></span> <span class='ocrx_word' id='word_1_203' title='bbox 513 3167 672 3252; x_wconf 79' lang='grc' dir='ltr'><strong><em>ἐπιθυμία</em></strong></span> <span class='ocrx_word' id='word_1_204' title='bbox 683 3165 790 3255; x_wconf 77' lang='grc' dir='ltr'><strong><em>τούτῳ</em></strong></span> <span class='ocrx_word' id='word_1_205' title='bbox 802 3164 893 3233; x_wconf 80' lang='grc' dir='ltr'><strong><em>πάνυ</em></strong></span> <span class='ocrx_word' id='word_1_206' title='bbox 903 3189 943 3250; x_wconf 86' lang='grc' dir='ltr'><strong><em>με</em></strong></span> <span class='ocrx_word' id='word_1_207' title='bbox 954 3169 1060 3251; x_wconf 76' lang='grc' dir='ltr'><strong><em>φοβεῖ.</em></strong></span> 
     </span>
     <span class='ocr_line' id='line_1_28' title="bbox 57 3258 1060 3353; baseline -0.003 -21"><span class='ocrx_word' id='word_1_208' title='bbox 57 3270 126 3332; x_wconf 77' lang='grc' dir='ltr'><strong><em>ἔστι</em></strong></span> <span class='ocrx_word' id='word_1_209' title='bbox 136 3263 196 3351; x_wconf 81' lang='grc' dir='ltr'><strong><em>μὲν</em></strong></span> <span class='ocrx_word' id='word_1_210' title='bbox 207 3260 272 3351; x_wconf 79' lang='grc' dir='ltr'><strong><em>γὰρ</em></strong></span> <span class='ocrx_word' id='word_1_211' title='bbox 283 3260 346 3333; x_wconf 81' lang='grc' dir='ltr'><strong><em>οῦκ</em></strong></span> <span class='ocrx_word' id='word_1_212' title='bbox 362 3262 520 3353; x_wconf 78' lang='grc' dir='ltr'><strong><em>ἀγεννής,</em></strong></span> <span class='ocrx_word' id='word_1_213' title='bbox 543 3263 691 3350; x_wconf 81' lang='grc' dir='ltr'><strong><em>σφαλερὰ</em></strong></span> <span class='ocrx_word' id='word_1_214' title='bbox 705 3266 749 3333; x_wconf 76' lang='grc' dir='ltr'><strong><em>δέ.</em></strong></span> <span class='ocrx_word' id='word_1_215' title='bbox 767 3266 926 3349; x_wconf 76' lang='grc' dir='ltr'><strong><em>ἐπιθυμεῖ</em></strong></span> <span class='ocrx_word' id='word_1_216' title='bbox 936 3259 1003 3349; x_wconf 79' lang='grc' dir='ltr'><strong><em>γὰρ</em></strong></span> <span class='ocrx_word' id='word_1_217' title='bbox 1020 3258 1060 3348; x_wconf 77' lang='grc' dir='ltr'><strong><em>δὴ</em></strong></span> 
     </span>
     <span class='ocr_line' id='line_1_29' title="bbox 56 3355 1154 3452; baseline -0.003 -21"><span class='ocrx_word' id='word_1_218' title='bbox 56 3355 155 3444; x_wconf 82' lang='grc' dir='ltr'><strong><em>οὗτος</em></strong></span> <span class='ocrx_word' id='word_1_219' title='bbox 165 3361 261 3451; x_wconf 77' lang='grc' dir='ltr'><strong><em>ἡμῖν,</em></strong></span> <span class='ocrx_word' id='word_1_220' title='bbox 273 3356 301 3433; x_wconf 77' lang='grc' dir='ltr'><strong><em>ό</em></strong></span> <span class='ocrx_word' id='word_1_221' title='bbox 311 3363 502 3452; x_wconf 77' lang='grc' dir='ltr'><strong><em>Σώκρατες,</em></strong></span> <span class='ocrx_word' id='word_1_222' title='bbox 516 3362 560 3445; x_wconf 81' lang='grc' dir='ltr'><strong><em>όίς</em></strong></span> <span class='ocrx_word' id='word_1_223' title='bbox 571 3385 663 3452; x_wconf 79' lang='grc' dir='ltr'><strong><em>φησι,</em></strong></span> <span class='ocrx_word' id='word_1_224' title='bbox 677 3358 782 3450; x_wconf 79' lang='grc' dir='ltr'><strong><em>σοφός</em></strong></span> <span class='ocrx_word' id='word_1_225' title='bbox 793 3365 958 3449; x_wconf 81' lang='grc' dir='ltr'><strong><em>γενέσθαι.</em></strong></span> <span class='ocrx_word' id='word_1_226' title='bbox 972 3364 1062 3430; x_wconf 72' lang='grc' dir='ltr'><strong><em>δοκεῖ</em></strong></span> <span class='ocrx_word' id='word_1_227' title='bbox 1079 3372 1100 3422; x_wconf 88' lang='lat'><strong><em>1)</em></strong></span> <span class='ocrx_word' id='word_1_228' title='bbox 1151 3420 1154 3424; x_wconf 85' lang='grc'><em>,</em></span> 
     </span>
    </p>
   </div>
   <div class='ocr_carea' id='block_1_5' title="bbox 0 0 1208 3780">
    <p class='ocr_par' dir='ltr' id='par_1_9' title="bbox 0 0 1208 3780">
     <span class='ocr_line' id='line_1_30' title="bbox 0 0 1208 3780; baseline 0 0"><span class='ocrx_word' id='word_1_229' title='bbox 0 0 1208 3780; x_wconf 95' lang='lat' dir='ltr'><strong><em> </em></strong></span> 
     </span>
    </p>
   </div>
  </div>
 </body>
</html>
