2408 3780
131 184 193 246 302
488 184 774 244 ΠΛΑΤΩΝΟΣ
1096 193 1134 247 32

131 346 186 413 καὶ
197 339 532 430 μύρωνάλοιφάςκαὶ
544 342 764 428 θεραπόντων
770 344 923 431 πλήθους
930 340 1134 424 ἀκολουθίας

131 443 193 530 τήν
207 469 242 510 τε
253 441 358 528 ἀλλην
369 439 536 528 ἁβρότητα
547 439 610 527 τήν
620 447 778 525 Περσῶν,
800 449 1013 529 αἰσχυνθείης
1027 442 1068 511 ἀν
1080 445 1133 511 ἐπὶ

131 550 275 631 σεαυτῷ,
287 541 533 627 αἰσθανόμενος
545 539 628 610 ὅσον
639 537 751 607 αὐτῶν
762 542 926 619 ἐλλείπεις.

213 648 320 711 XVIII.
364 644 408 710 EI
425 638 456 707 δ’
470 633 514 707 αὐ
531 639 701 725 ἐθελήσεις
718 644 763 716 είς
779 641 1005 725 σωφροσύνην
1022 667 1056 708 τε
1078 644 1133 708 καὶ

132 741 330 827 κοσμιότητα
343 739 527 826 ἀποβλέψαι
534 742 587 807 καὶ
598 736 767 823 εὐχέρειαν
778 739 833 804 καὶ
842 734 998 805 εὐκολίαν
1008 739 1062 806 καὶ
1073 750 1133 823 με-

130 839 391 926 γαλοφροσύνην
406 841 462 908 καὶ
480 836 632 918 εὐταξίαν
648 840 702 904 καλ
715 834 873 921 ἀνδρείαν
885 838 940 904 καὶ
954 844 1131 921 καρτερίαν

130 939 184 1005 καὶ
196 944 395 1023 φιλοπονίαν
406 940 461 1005 καλ
474 941 679 1022 φιλονεικίαν
690 937 744 1004 καὶ
755 941 941 1021 φιλοτιμίας
954 932 1012 1014 τὰς
1023 943 1133 1005 Λακε-

89 1096 92 1102 .
132 1041 329 1121 δαιμονίων,
352 1041 452 1103 παῖδα
469 1031 512 1102 ἀν
528 1033 669 1122 ἡγήσαιο
689 1031 814 1101 σαυτὸν
834 1041 915 1101 πόσι
935 1049 1003 1114 τοῖς
1019 1034 1131 1102 τοιού-

92 1156 113 1206 Ι)
132 1161 207 1214 τοις.
240 1141 271 1202 εί
292 1133 323 1202 δ’
338 1126 382 1201 αὐ
404 1161 435 1201 τι
457 1135 511 1201 καὶ
529 1131 660 1222 πλούτω
677 1136 845 1219 προσέχεις
862 1135 916 1202 καὶ
933 1133 1015 1201 κατά
1034 1141 1132 1202 τοῦτο

132 1243 193 1301 οίει
214 1235 244 1300 τὶ
269 1231 368 1318 εἶναι,
390 1229 471 1317 μηδὲ
488 1237 585 1298 τοῦτο
603 1228 683 1317 ήμίν
700 1229 845 1318 ἄρρητον
867 1237 962 1317 ἔστω,
985 1233 1131 1316 ἐόντως

133 1341 235 1420 αίσθη
253 1322 295 1400 οὗ
312 1330 348 1400 εἰ.
382 1338 480 1398 τοῦτο
499 1333 559 1416 μὲν
570 1327 634 1414 χάρ
647 1336 678 1397 εί
692 1333 817 1410 ἐθέλεις
834 1330 912 1411 τούς
924 1337 1132 1419 Λακεδαιμο-

132 1437 215 1499 νίων
226 1429 391 1508 πλούτους
403 1434 500 1512 ἰδεῖν,
523 1429 644 1514 χνύσει
660 1426 711 1496 ὅτι
727 1428 813 1497 πολύ
830 1428 976 1498 τάυθάδε
987 1438 1056 1498 τῶν
1067 1434 1131 1500 έκελ

131 1534 278 1599 ἐλλείπει.
299 1538 363 1616 χήν
372 1528 433 1614 μέν
444 1525 507 1614 γὰρ
515 1526 599 1613 ὅσην
608 1534 719 1614 έχουσι
730 1536 787 1614 τῆς
798 1525 831 1594 θ’
839 1530 966 1596 ἑαυτόν
975 1532 1131 1596 καὶΜεο-

38 1666 41 1671 ,
132 1630 251 1716 σήνης,
270 1625 346 1695 οὐδ’
359 1624 402 1694 ἀν
419 1623 464 1704 είς
481 1623 740 1712 ἀμφισβητήσειε
752 1635 819 1694 τοᾶυ
830 1631 908 1714 τήδε
920 1625 1040 1714 πλήθει
1052 1625 1128 1695 οὐδὲ

132 1726 245 1816 ἀρετή,
269 1723 342 1794 οὐδ’
357 1718 402 1792 αὐ
423 1723 646 1810 ἀνδραπόδων
667 1726 778 1813 κτήσει
801 1734 868 1794 τῶν
889 1752 924 1793 τε
945 1725 1056 1793 ἀλλων
1077 1726 1131 1793 καὶ

131 1833 199 1892 τῶν
217 1828 414 1909 είλωτικιὸν,
437 1821 518 1891 οὐδὲ
535 1820 603 1909 μήν
619 1826 793 1911 ἴππωνγε,
816 1822 890 1892 οὐδ’
904 1822 967 1893 ὅσα
978 1823 1062 1891 ἀλλα
1071 1832 1130 1910 βο-

95 1947 115 1996 λὶ
134 1923 282 2010 σκήματα
292 1920 375 1990 κατά
384 1922 567 2009 Μεσσήνην
578 1925 723 2008 νέμεται·
742 1921 825 1991 ἀλλά
836 1930 940 1991 ταῦτα
951 1922 1011 2009 μὲν
1023 1923 1130 1989 πάντα

132 2027 176 2089 έολ
194 2027 338 2106 χαίρειν,
356 2028 494 2106 χρυσίον
512 2020 547 2088 δὲ
564 2024 619 2087 καὶ
631 2018 793 2105 ἀργύριον
810 2019 871 2089 οὐκ
883 2026 972 2088 ἔστιν
984 2023 1020 2090 έν
1031 2029 1132 2090 πᾶσιν

124 2120 278 2205 Ἓλλησιν
290 2115 372 2185 ὅσον
383 2121 420 2184 ἐν
430 2122 652 2202 Λακεδαίμονι
662 2123 746 2209 ίδίηι·
771 2118 895 2200 πολλάς
910 2119 975 2206 χάρ
993 2119 1057 2208 ήδη
1076 2147 1131 2206 με·

131 2216 208 2296 νεάς
227 2219 403 2301 εἰσέρχεται
421 2214 481 2300 μὲν
499 2212 619 2284 αὐτόσε
642 2220 674 2298 ἐξ
695 2216 937 2288 ἁπάντωντῶν
954 2218 1130 2308 Ἑλλήνων,

131 2316 291 2395 πολλάκις
302 2314 337 2383 δέ
348 2317 403 2383 καὶ
415 2318 451 2382 έκ
463 2321 532 2383 τῶν
542 2316 739 2403 βαρβάρων,
758 2318 918 2406 ἐξέρχεται
938 2319 973 2387 δὲ
984 2318 1130 2405 οὐδαμό-

64 2435 115 2493 Ιλὸ
131 2436 184 2501 σε,
203 2411 270 2484 ἀλλ’
285 2412 428 2501 ἀτεχνῶς
438 2415 521 2483 κατά
531 2413 591 2483 τόν
603 2417 764 2484 Αἰσύπου
775 2424 900 2504 μύθου,
914 2415 985 2505 ὐνή
998 2416 1129 2504 ἀλώπηξ

130 2513 213 2601 πρδς
224 2513 283 2583 τόν
294 2518 412 2584 λέοντα
425 2513 510 2602 εἶπε,
528 2516 583 2583 καὶ
594 2522 656 2582 τού
667 2521 712 2594 είς
722 2520 956 2602 Λακεδαίμονα
967 2523 1129 2603 νομίσμα-

130 2641 185 2695 τος
206 2615 364 2694 είσιόντος
387 2617 449 2700 μὲν
470 2613 510 2682 τά
533 2625 606 2702 ίχνη
627 2611 668 2682 τά
691 2616 794 2683 ίκελσε
811 2618 1015 2702 τετραμμένα
1036 2621 1130 2702 δῆλα,

128 2713 271 2795 ἐξιόντος
289 2715 325 2782 δὲ
341 2711 471 2802 οὐδαμῇ
489 2714 533 2782 ἀν
549 2741 598 2793 τις
617 2718 696 2782 λδοι·
720 2712 804 2782 ὥστε
823 2707 863 2782 εύ
873 2714 933 2800 χρή
946 2717 1067 2784 εἰδέναι
1079 2713 1130 2783 ὅτι

131 2818 186 2887 καὶ
197 2822 309 2906 χρυσῷ
326 2818 381 2884 καὶ
393 2813 528 2907 ἀρχύρφ
540 2820 575 2884 οί
583 2819 653 2884 έκεϊ
659 2814 901 2883 πλουσιώτατοί
910 2822 972 2884 είσι
982 2812 1130 2883 τῶνἙλ-

131 2917 258 3004 λήνων,
281 2917 336 2984 καλ
353 2912 465 2983 αὐτῶν
482 2917 618 2984 ἐκείνων
635 2913 652 2982 ὁ
671 2911 841 3002 βασιλεύς·
871 2918 907 2980 ἔκ
926 2939 961 2981 τε
977 2911 1041 2998 χάρ
1061 2921 1129 2980 τοῖν

130 3016 291 3084 τοιούτων
302 3019 449 3101 μέγισται
466 3013 580 3101 λήψεις
592 3015 645 3082 καὶ
663 3019 813 3082 πλεῖσταί
821 3017 884 3080 εἰσι
895 3026 962 3091 τοῖς
973 3018 1131 3099 βασιλεῦ-

129 3136 199 3202 σιν,
222 3119 269 3182 ἔτι
286 3112 323 3180 δέ
341 3111 432 3182 καὶὸ
450 3109 621 3201 βασιλικός
637 3110 742 3197 φόρος
759 3108 821 3179 οὐκ
840 3108 951 3196 όλίγος
972 3119 1130 3198 γίγνεται,

90 3228 110 3279 Β
130 3208 171 3279 δυ
184 3221 338 3281 τελοῦσιν
349 3215 383 3280 οί
391 3212 649 3299 Λακεδαιμόνιοι
660 3223 729 3290 τολς
739 3217 920 3296 βασιλεῦσι.
951 3213 1006 3277 καὶ
1017 3209 1056 3277 τοὶ
1069 3209 1131 3296 μέν

78 3286 90 3391 I
129 3316 402 3397 Λακεδαιμονίων
420 3307 463 3390 ὡς
481 3307 563 3396 πρὸς
578 3306 790 3396 Ἑλληνικούς
804 3307 867 3396 μέν
885 3308 1050 3386 πλούτους
1071 3333 1132 3394 με-

107 3408 215 3493 ma,
237 3406 287 3488 τίς
303 3408 342 3477 δέ
356 3405 445 3494 πρός
456 3406 537 3491 τούς
545 3404 734 3496 Περσικούς
744 3408 799 3477 καὶ
809 3414 870 3476 τοῦ
884 3409 1022 3476 ἐκείνων
1032 3413 1132 3495 βασι-
