2422 3780
153 113 195 175 60
513 111 796 171 ΠΛΑΤΩΝΟΣ

237 280 319 343 ΣΩι
341 270 427 341 Ἀλλ’
446 271 540 340 οὔπω
558 269 664 356 σοφός
681 265 725 337 άν
742 266 1060 359 εληςτὴνμουσικὴν
1072 272 1165 353 εέδδς

153 378 257 438 ταῦτα
268 369 367 455 μόνα,
379 366 424 456 μὴ
438 369 473 437 δὲ
485 365 580 447 εῖδῶς
592 366 636 447 ῶς
646 365 672 454 μ’
687 372 765 446 ἐπος
776 372 880 436 εἰπεῖν
891 373 938 446 εἰς
949 375 1055 436 ταῦτα
1067 366 1165 437 οὐδε-

153 467 212 547 νός
222 466 313 548 άξιος
324 473 399 535 ἔσει.

235 572 336 634 τινα.
370 563 422 633 οῖ
436 557 585 651 γὰρούκ.

234 670 309 732 ΣΩ.
343 660 441 746 Ἀλλ’,
467 655 494 730 ῶ
512 668 605 748 φίλε,
630 658 767 729 ἐπειδάν
783 660 887 749 λάβῃς
905 658 946 729 τά
957 660 1164 749 διαστήματα

152 759 261 829 ὁπόσα
278 762 347 828 ἐστὶ
362 758 423 828 τόν
441 758 590 847 άριθμδν
606 765 665 845 τῆς
680 766 795 844 φωνῆς
806 756 963 845 ὀξύτητός
973 785 1010 829 τε
1021 762 1164 847 πέρικνδ

115 875 135 924 Ι)
153 858 354 946 βαρύτητος,
373 860 428 925 καὶ
439 854 554 943 ὁποῖα,
573 858 629 925 καλ
639 854 719 934 τούς
729 851 830 940 ὅρους
840 863 909 924 τῶν
920 857 1163 945 διαστημάτων,

152 957 207 1024 καλ
218 955 258 1022 τά
269 958 306 1022 έκ
323 954 452 1022 τούτων
469 953 533 1022 ὅσα
550 953 742 1040 συστήματα
758 955 912 1039 γέγονεν,
935 951 957 1021 δι’
971 955 1164 1037 κατιδόντες

152 1058 186 1121 οῖ
194 1053 347 1139 πρόσθεν
358 1057 546 1136 παρέδοσαν
554 1051 633 1140 ἡμῖν
642 1067 710 1132 τοῖς
719 1055 890 1139 ἑπομένοις
899 1055 1039 1133 ἐκείνοις
1047 1063 1164 1124 καλεῖν

152 1152 237 1222 αὐτὰ
249 1151 418 1240 ἁρμονίας,
432 1160 512 1222 ἐντι
522 1169 591 1233 ταῖς
600 1154 770 1241 κινήσεσιν
779 1146 823 1220 αὖ
834 1160 895 1221 τοῦ
904 1153 1056 1241 σωματος
1066 1155 1163 1240 ἕτερα

151 1261 288 1320 τοιαῦτα
299 1251 416 1320 ἐνόντα
425 1253 518 1339 πάθη
527 1251 719 1339 γιγνόμενα,
731 1245 752 1319 ά
764 1251 804 1339 δὴ
819 1249 857 1319 δι’
871 1249 1030 1338 ἀριθμῶν
1038 1278 1163 1341 μετρη-

151 1356 257 1418 θέντα
270 1355 340 1419 δεῖν
351 1342 396 1417 αὖ
407 1352 489 1435 φασὶ
507 1347 662 1436 ῥυθμούς
679 1353 733 1417 καὶ
743 1351 845 1436 μέτρα
856 1348 1090 1437 ἐπονομάζειν,
1107 1353 1162 1421 καὶ

151 1445 219 1534 άμα
231 1453 375 1533 ἐννοεῖν,
392 1447 438 1528 ῶς
455 1446 545 1516 οὕτω
563 1452 616 1516 δεῖ
630 1451 705 1531 περὶ
722 1445 845 1525 παντός
863 1447 938 1526 ἑνός
953 1449 1009 1515 καλ
1026 1456 1162 1517 πολλῶν

151 1563 295 1617 σκοπεῖν.
318 1543 476 1631 όταννάρ
489 1544 637 1612 ταῦτάτε
651 1544 870 1632 λάβῃςοότω,
887 1543 962 1612 τότε
973 1547 1093 1629 ἐγένου
1102 1566 1162 1615 σο-

112 1666 133 1714 Ε
151 1645 225 1728 φός,
238 1645 319 1712 όταν
330 1670 365 1712 τε
376 1642 457 1712 ἄλλο
476 1650 544 1711 τῶν
554 1642 663 1712 όντων
681 1646 717 1711 ἑν
728 1642 843 1711 ὁτιοῦν
853 1641 1161 1732 ταότρσκοποόμε-

150 1767 209 1819 νος
219 1744 304 1828 ἕλῃς,
316 1741 422 1820 οὕτως
433 1747 571 1828 ἐμφρων
580 1743 654 1826 περὶ
665 1740 796 1808 τούτων
805 1741 960 1826 γέγονας·
971 1737 1009 1808 τό
1024 1737 1054 1807 δ’
1064 1738 1161 1810 άπει·

151 1837 215 1922 ρόν
225 1857 263 1905 σε
274 1839 422 1906 ἑκάστων
433 1839 488 1905 καὶ
499 1841 536 1906 ἐν
548 1838 698 1918 ἑκάστοις
708 1847 838 1925 πλῆθος
854 1837 993 1925 άπειρον
1004 1838 1161 1909 ἑκάστοτε

150 1949 239 2003 ποιεῖ
246 1943 307 2003 τοῦ
318 1948 458 2021 φρονεῖν
467 1936 522 2002 καὶ
535 1933 597 2002 οὐκ
608 1937 782 2023 ἐλλόγιμον
793 1934 867 2003 οὐδ’
883 1936 1087 2024 ἐνάριθμον,
1105 1936 1159 2006 ἅτ’

150 2030 212 2099 οὐκ
224 2039 270 2111 εἰς
281 2031 429 2119 άριθμδν
440 2030 562 2100 οὐδένα
573 2035 609 2100 έν
620 2031 732 2102 οὐδενὶ
744 2035 875 2102 πῶποτε
887 2030 1057 2102 άπιδόντα.

234 2137 311 2198 VIII.
343 2137 444 2198 ΠΡΩ.
477 2129 657 2214 Κάλλιστα,
671 2124 842 2218 ῶΦίληβι,
855 2136 963 2217 ἔμοιγε
973 2129 1013 2199 τά
1025 2140 1092 2201 νῦν
1103 2140 1159 2201 λε-

148 2226 275 2313 γόμενα
287 2230 452 2312 εἰρηκέναι
464 2235 615 2312 φαίνεται
624 2230 815 2315 Σωκράτης.

98 2342 132 2398 18
236 2333 294 2394 ΦΙ.
327 2328 393 2394 Καὶ
408 2328 479 2412 ἐμοὶ
495 2327 599 2394 ταῦτά
615 2352 653 2412 γε
671 2325 771 2394 αὐτά·
793 2324 876 2395 άλλά
888 2333 921 2395 τί
930 2325 972 2413 δή
984 2351 1064 2394 ποτε
1074 2350 1160 2413 προς

149 2421 234 2510 ἡμᾶς
245 2423 263 2492 ό
275 2424 373 2510 λόγος
385 2417 483 2504 οὗτος
495 2432 560 2493 νῦν
571 2436 696 2513 εῖρηται
707 2428 762 2493 καὶ
774 2432 806 2493 τί
814 2450 893 2493 ποτε
904 2424 1125 2513 βονλόμενοςς

232 2529 307 2589 Σλλ.
338 2521 465 2606 Ὀρθῶς
475 2526 587 2608 μέντοι
597 2523 700 2592 ταῦθ’
712 2521 807 2610 ἡμᾶς,
821 2517 1055 2610 ῶΠρῶταρχε,
1065 2520 1158 2610 ἥρω’-

147 2643 224 2703 τηκε
236 2625 389 2704 Φίληβος.

230 2724 331 2783 ΠΡΩ.
361 2717 460 2786 Πάνυ
471 2718 533 2804 μὲν
545 2711 619 2804 οὖν,
629 2722 685 2788 καλ
696 2719 882 2807 άποκρῖνου
893 2746 930 2806 γε
942 2718 1042 2811 αὐτῶ.

230 2821 306 2882 ΣΩ.
329 2815 453 2901 Δράσω
463 2824 577 2900 ταῦτα,
589 2817 735 2886 διελθῶν
746 2818 889 2905 σμικρὸν
899 2823 946 2887 ἐτι
956 2823 1031 2903 περὶ
1043 2817 1156 2887 αὐτῶν

145 2912 283 2981 τούτων.
309 2912 420 2992 ῶσπερ
438 2912 502 2999 γὰρ
515 2917 551 2982 ἑν
570 2911 686 2983 ὁτιοῦν
698 2926 730 2983 εῖ
738 2924 786 2994 τίς
797 2941 877 2984 ποτε
887 2916 1000 3003 λάβοι,
1021 2924 1155 2995 τοῦτον,

146 3009 190 3089 ῶς
202 3037 329 3097 φαμεν,
349 3008 411 3078 οὐκ
430 3011 477 3078 §xi
488 3011 629 3100 άπείρου
641 3013 746 3098 φύσιν
757 3019 809 3081 δεῖ
816 3019 949 3101 βλέπειν
960 3012 1067 3093 εὐθὺς
1077 3009 1152 3082 ἄλλ’

145 3112 202 3177 ἐπί
209 3137 282 3177 τινα
293 3107 457 3196 ἀριθμόν,
477 3109 565 3178 οὕτω
577 3113 633 3179 καὶ
643 3109 680 3179 τό
692 3114 844 3181 ἐναντίον
854 3111 936 3180 ὅταν
946 3139 995 3192 τις
1005 3111 1043 3180 τό
1059 3111 1154 3180 άπει-

106 3225 126 3274 Β
145 3231 206 3287 ρον
225 3205 423 3297 άναγκασθῇ
441 3215 573 3295 πρῶτον
592 3210 789 3296 λαμβάνειν,
812 3207 855 3296 μὴ
874 3212 926 3280 ἐπὶ
942 3210 979 3281 τό
999 3214 1036 3279 ἑν
1047 3208 1155 3289 εὐθὺς

143 3300 217 3370 ἀλλ’
229 3301 276 3372 ἐπ’
290 3303 439 3389 άριθμόν
450 3299 495 3374 αὖ
504 3304 578 3376 τινὰ
590 3316 721 3395 πλῆθος
730 3310 870 3376 ἕκαστον
880 3308 997 3394 ἔχοντά
1007 3337 1039 3376 τι
1050 3336 1151 3378 κατα-
