2408 3780
408 146 754 207 ΠΑΡΜΕΝΙΔΗΣ.
1038 150 1078 211 ἅλ’

71 311 168 373 δυοῖν
178 308 304 390 χώραιν
315 304 383 392 ἅμα
395 308 537 390 γένοιτο·
554 306 616 383 ἕως
629 304 662 373 δ’
674 301 719 374 ἅν
728 301 750 396 ἦ
760 310 815 395 ἕν,
834 309 896 379 οὐκ
908 311 1077 398 ἐθελήσεις

72 402 124 474 Οὐ
142 403 207 488 γάρ
226 398 298 472 οὖν.
329 401 372 471 ‘H
387 400 469 489 αὐτὴ
488 402 553 487 ἅμα
567 401 694 492 ἅνάγκη
706 415 753 495 τῷ
764 408 812 476 ἑνὶ
823 408 905 494 μήτε
917 409 978 478 δύο
994 410 1078 478 εἶναι

71 502 156 589 μήθ’
174 502 339 570 ἅπτεσθαι
356 499 448 586 αὐτῷ
465 497 580 568 αὑτοῦ.
610 500 654 571 Ἡ
667 501 759 591 αὐτή.
800 503 888 574 Ἀλλ’
911 507 988 575 οὐδὲ
1010 511 1078 595 μὴν

70 610 139 669 τῶν
149 600 262 669 ἅλλων
272 599 398 681 ἅψεται.
433 605 474 666 Τί
488 599 546 685 δεμ
559 598 645 687 Ὅτι,
664 609 790 689 φιιμέν,
812 602 850 672 τὸ
862 607 984 689 μέλλον
995 606 1079 687 ἅψε-

69 711 153 770 σθαι
163 702 263 787 χωρὶς
273 694 315 768 ἅν
325 702 441 785 ἐφεξῆς
452 702 504 766 δεῖ
512 701 625 790 ἐκείνῳ
637 701 732 790 εἶναι,
744 695 787 771 οὗ
797 707 909 790 μέλλει
920 703 1077 791 ἅψεσθαι,

68 807 184 885 τρίτον
195 799 230 867 δὲ
242 796 356 866 αὐτῶν
367 797 502 886 ἐνμέσῳ
515 797 620 883 μηδὲν
632 796 724 868 εἶναι.
755 799 889 889 Ἀληθῆ.
924 805 1077 890 Δάοᾶροι

70 894 169 966 δεῖτὸ
182 897 351 983 ὀλίγιστον
362 894 462 981 εἶναι,
482 902 512 964 εἰ
521 898 632 983 μέλλει
643 895 719 979 ἅψις
730 898 823 971 εἶναι.
854 911 926 970 Δεῖ.
954 902 1077 972 Ἐὰνδὲ

69 1011 143 1066 τοῖν
154 1000 249 1065 δυοῖν
260 995 356 1080 ὅροιν
368 1003 481 1082 τρίτον
493 1001 715 1083 προσγένηται
726 999 815 1085 ἑξῆς,
835 998 920 1068 αὐτοὶ
931 1005 993 1088 μὲν
1003 1010 1076 1088 τριίι
1095 1023 1114 1072 Β

69 1103 177 1184 ἔσται,
189 1101 226 1166 αλ
234 1098 270 1166 δὲ
280 1094 375 1178 ἅψεις
386 1096 458 1165 δύο.
491 1102 570 1166 Ναί.
593 1098 658 1166 Κοιλ
669 1095 757 1165 οᾶτω
771 1097 810 1185 δὴ
822 1097 873 1168 ἀεὶ
885 1102 960 1181 ἑνὸς
971 1124 1075 1186 προσ-

69 1199 271 1286 γιγνομένου
282 1205 339 1283 μίοι
350 1201 405 1266 κοιλ
417 1195 496 1278 ἅψις
506 1203 755 1283 προσγθγνετοιι,
767 1201 821 1266 καὶ
833 1208 1007 1288 συμβαίνει
1018 1201 1076 1280 τάς

69 1295 165 1378 ἅψεις
182 1305 242 1366 τοῦ
259 1298 414 1382 πλήθους
429 1306 498 1367 τῶν
515 1295 672 1383 άριθμιλν
687 1303 748 1386 μιᾷ
765 1296 920 1377 ἐλάττους
934 1297 1025 1367 εἶναι.
1048 1292 1076 1388 ᾦ

69 1393 134 1482 γὰρ
151 1397 191 1464 τὰ
209 1404 323 1483 πρῶτοι
342 1397 402 1465 δύο
415 1399 649 1481 ἑπλεονέκτησε
659 1403 728 1463 τῶν
744 1393 858 1477 ἅψεων
869 1404 915 1477 εἰς
925 1399 962 1466 τὸ
975 1405 1074 1466 πλείω

71 1494 155 1563 εἶναι
166 1493 227 1564 τόν
237 1493 385 1583 ἀριθμὸν
394 1492 416 1582 ἢ
426 1493 484 1575 τάς
495 1493 604 1579 ἅψεις,
623 1501 669 1584 τῷ
681 1503 741 1583 ῖσμ
752 1495 924 1585 τούτῳκαὶ
935 1493 953 1565 ὁ
966 1502 1075 1565 ἔπειτα

70 1593 216 1682 ἀριθμὸς
232 1604 297 1676 πάς
311 1603 429 1664 ποσῶν
440 1604 508 1665 τῶν
526 1593 641 1676 ἅψεων
658 1602 855 1660 πλεονεκτεῖ.
877 1593 942 1681 ἤδη
959 1593 1023 1680 γάρ
1037 1596 1073 1661 τό

70 1691 189 1761 λοιπὸν
206 1693 274 1780 ἅμα
291 1697 328 1762 ἕν
345 1720 380 1762 τε
395 1701 443 1785 τῷ
460 1689 596 1780 ἀριθμῷ
612 1699 845 1778 προσγίγνεται
857 1695 911 1761 κοιλ
928 1700 986 1779 μία
998 1693 1075 1772 ἅψις
1093 1712 1111 1763 c

68 1807 139 1871 ταῖς
151 1791 279 1874 ἅψεσιν.
296 1791 433 1876 Ὀρθῶς.
453 1789 536 1860 Ὅσοι
547 1791 612 1873 ἄρα
623 1791 690 1858 ἐστὶ
700 1788 740 1858 τὰ
752 1789 833 1858 ὄντα
845 1788 905 1859 τὸν
915 1788 1074 1878 ἀριθμόν,

69 1888 121 1958 ἅελ
131 1899 191 1980 μιᾷ
201 1896 238 1959 αἱ
245 1890 340 1972 ἅψεις
356 1891 512 1970 ἐλάττους
528 1891 610 1958 εἰσὶν
627 1887 748 1957 αὐτῶν.
772 1887 907 1978 Ἀληθῆ.
936 1896 981 1959 EI
991 1893 1029 1959 δι’
1037 1917 1074 1975 γε

70 1990 225 2076 ἓνμόνον
235 1993 319 2076 ἐστί,
342 1989 423 2069 δυάς
434 1990 469 2060 δὲ
486 1990 530 2076 μὴ
550 1996 653 2072 ἔστιν,
677 1988 756 2070 ἅψις
766 1987 829 2058 οὐκ
842 1985 887 2056 ἅν
897 1999 957 2075 εῖη.
999 1995 1075 2066 Πῶς

70 2088 150 2176 γάρ;
179 2087 332 2175 Οὐκοῦν,
355 2092 480 2175 φαμέν,
501 2085 541 2155 τᾶ
565 2087 649 2156 ἅλλα
665 2097 727 2157 τοῦ
743 2086 818 2168 ἐνὸς
835 2087 913 2158 οὔτε
931 2090 968 2156 ἕν
986 2092 1074 2156 ἐστιν

69 2187 148 2256 οᾶτε
158 2189 282 2274 μετέχει
294 2185 411 2274 αὐτοῦ,
423 2198 516 2274 εῖπερ
527 2186 612 2257 ἅλλα
622 2190 719 2256 ἐστίν.
755 2186 807 2256 Οὐ
817 2189 892 2275 γάρ.
926 2184 998 2256 Οὐκ
1010 2186 1073 2271 ἅμα
1093 2204 1097 2211 ’

69 2291 199 2356 ἔνεστιν
209 2283 353 2372 άμνθμδς
369 2291 405 2353 ἐν
422 2299 490 2366 τοῖς
508 2285 636 2370 ἅλλοις,
658 2284 732 2365 ἑνὸς
748 2284 792 2374 μὴ
809 2288 942 2366 ἐνόντος
959 2290 996 2355 ἐν
1012 2284 1073 2354 αὐ-

68 2399 146 2464 τοῖς.
180 2391 257 2463 Πῶς
278 2384 359 2471 γάρ;
383 2384 465 2454 οἅτ’
483 2384 549 2471 ἅμα
567 2387 605 2452 ἕν
621 2388 688 2452 ἐστι
705 2377 810 2453 τᾶλλιι
827 2385 904 2454 οὔτε
922 2386 983 2453 δύο
997 2385 1072 2454 οὔτε

67 2485 174 2554 ἅλλου
186 2481 337 2570 ἅοιθμοῦ
346 2488 462 2570 ἔχοντα
474 2482 581 2569 ὄνομα
593 2480 702 2552 οὐδέν.
736 2481 797 2552 Οὔ.
829 2482 873 2552 Τὸ
887 2488 924 2553 ἓν
935 2484 999 2572 ἅμα
1009 2486 1074 2572 μό·
1091 2505 1112 2553 ι)

67 2609 131 2652 νον
142 2587 230 2651 ἔστιν
243 2584 320 2668 [ἕν],
344 2584 399 2651 κοιλ
410 2579 494 2662 δυὰς
504 2580 567 2651 οὐκ
580 2578 624 2651 ἅν
635 2593 694 2671 εῖη.
726 2582 779 2652 Οὐ
790 2591 950 2672 φαίνεται.
977 2584 1073 2666 ’Ἀψις

68 2682 134 2770 ἅμα
145 2680 207 2750 οὐκ
219 2686 303 2769 ἔστι,
322 2685 418 2751 δυοῖν
428 2682 472 2769 μὴ
486 2681 610 2750 ἅντοιν.
644 2681 715 2751 Οὐκ
728 2687 826 2752 ἔστιν.
862 2682 945 2753 οἅτ’
959 2684 1024 2771 ἅμα
1036 2684 1071 2753 τὸ

67 2786 105 2849 ἓν
123 2789 192 2849 τοῖν
208 2779 320 2849 ἅλλων
336 2779 472 2849 ἅπτεται
491 2779 568 2851 οὔτε
584 2779 624 2849 τά
642 2781 726 2850 ἅλλα
743 2791 806 2850 τοῦ
828 2781 918 2869 ἑνός,
941 2785 1072 2867 ἐπείπερ

67 2878 145 2962 ἅψις
156 2877 218 2948 οὐκ
229 2885 327 2949 ἔστιν.
358 2879 410 2950 Οὐ
420 2879 486 2968 γάρ
498 2874 569 2950 οὖν.
592 2879 690 2950 Οὕτω
703 2879 742 2967 δὴ
755 2879 839 2949 κατά
850 2882 958 2950 πάντιι
969 2891 1072 2951 τοῦτο

65 2977 102 3048 τὸ
117 2981 154 3046 ἓν
171 2986 239 3047 τῶν
256 3005 291 3048 τε
304 2977 416 3049 ἄλλων
427 2983 481 3050 καὶ
495 2984 617 3049 ἑαυτοῦ
633 2979 770 3050 ἅπτεταί
783 3007 818 3049 τε
835 2984 890 3048 καὶ
901 2980 962 3066 οὐχ
974 2980 1075 3048 ἅπτε-

64 3106 127 3148 τοιι.
156 3078 297 3148 Ἔοικεν.

150 3185 259 3248 xvffl.
299 3173 369 3264 'Ao'
393 3172 457 3248 οὖν
478 3181 532 3249 καὶ
551 3190 625 3249 ἴσον
640 3184 707 3250 ἐστὶ
723 3182 778 3249 κοιλ
796 3179 913 3248 ἅνισον
931 3179 1023 3270 αὐτῷ
1039 3205 1074 3246 τε

64 3281 120 3348 κοιλ
131 3292 201 3358 τοῖς
212 3277 338 3360 ἅλλοιςς
357 3286 450 3359 Πῶς;
468 3285 513 3348 Εἰ
520 3286 630 3367 μεῖζον
641 3289 690 3366 εῖη
702 3280 738 3346 τὸ
751 3281 788 3346 ἓν
801 3274 822 3365 ἢ
833 3271 967 3366 τάλλοιῆ
979 3283 1072 3346 ἔλατ·
1090 3298 1111 3349 Ε
1148 3336 1159 3399 4

63 3406 142 3466 τον,
164 3368 246 3465 ἢαῦ
256 3369 360 3446 τάλλοι
371 3387 432 3446 τοῦ
443 3377 516 3458 ἕνὸς
527 3373 656 3466 μειζωῆ
669 3379 812 3465 ἐλάττω,
831 3370 885 3463 ἅμ’
903 3376 970 3445 ουτ
981 3374 1023 3442 ἅν
1034 3385 1085 3452 τῖς
