2408 3780
58 187 91 241 91
398 183 466 241 AN
477 183 728 240 ΤΕΡΑΣΤΛΙ.
1004 184 1067 248 361
1186 202 1188 207 “

19 414 32 427 ,
55 347 87 408 εί
97 340 216 427 ταύτης
228 346 274 408 ε”τι
284 343 494 426 φαυλοτέραν
506 337 693 426 ὑπεθέμην·
705 339 804 411 οὐδὲν
815 343 878 428 γάρ
891 347 972 412 ἐστι·
986 343 1068 428 πρὸς

56 442 169 527 μέντοι
181 438 217 508 σὲ
226 435 326 507 οὐδὲν
336 442 451 528 δέομαι
462 435 551 522 παρὰ
563 439 664 518 δόξαν
675 448 887 528 φιλονεικεῖν,
899 438 973 509 ἀλλ’
986 438 1068 528 ὁμο-

58 546 146 624 λογῶ
164 537 207 625 μὴ
228 538 267 607 τά
285 538 391 607 πολλοὶ
403 536 486 607 άλλά
500 535 539 605 τά
557 543 672 630 μέτρια
688 539 856 624 γυμνάσια
866 536 927 624 την
939 537 1068 619 εὐεξίαν

57 643 206 726 ἐμποιεῖν
217 651 285 716 τοίς
295 635 499 721 ἀνθρώποις.
545 643 587 704 Τί
596 636 631 704 ὁὲ
640 634 680 703 τά
693 646 795 719 σιτίας
818 637 858 705 τά
869 641 983 725 μέτρια
995 635 1016 725 η’
1027 638 1068 707 τά

58 737 180 818 πολλάς
203 741 289 822 ἔφην
306 736 379 821 ἔγῶ.
415 737 481 803 Καί
491 733 531 802 τά
545 741 631 803 σιτία
643 731 813 822 ῶμολόγει.
847 736 917 804 ”En
929 739 963 805 δὲ
976 734 1066 822 κάγῶ

58 833 332 923 προσηνάγκαζον
343 831 447 902 αὐτόν
457 831 632 919 ὁμολογεῖν
644 835 698 902 καὶ
709 827 812 903 τᾶλλα
822 836 931 903 πάντα
942 835 981 903 τοὶ
993 838 1066 919 περὶ
1085 848 1108 897 1)

58 933 95 1004 τό
120 942 215 1021 σῶμα
238 932 473 1020 ὠφελιμώτατα
491 931 575 1009 εἶναι
587 935 720 1021 με’τρια,
740 931 823 1001 άλλολ
842 933 886 1022 μὴ
904 932 943 1002 τά
962 932 1068 1002 πολλοὶ
1165 1024 1168 1029 Ι

59 1034 141 1120 μηὸὲ
152 1030 192 1101 τά
204 1030 314 1118 ὀλίγα·
333 1037 392 1100 καί
400 1058 457 1119 μοι
468 1027 630 1117 ὡμολόγει
642 1028 681 1098 τά
692 1035 817 1119 μέτρια.
851 1039 892 1100 Τί
900 1035 952 1117 ὁέ,
971 1038 1066 1120 ἔφην,

59 1134 98 1198 τὰ
117 1132 190 1215 περὶ
207 1127 269 1215 την
285 1129 412 1216 φαχήνς
435 1125 476 1196 τά
495 1131 611 1215 μέτρια
629 1125 752 1214 ῶφελεί
767 1125 788 1216 ἢ
806 1127 846 1198 τά
863 1129 988 1217 άμετρα
999 1137 1068 1197 τῶν

59 1230 357 1314 προσφερομένων;
382 1227 430 1295 Τά
446 1231 577 1314 μέτρια,
590 1233 663 1314 ἔφη.
675 1306 678 1317 ¹
691 1226 830 1296 Οὐκοῦν
839 1230 877 1296 ἔν
886 1236 955 1296 τῶν
966 1251 1067 1316 προς-

59 1330 256 1414 φερομένων
272 1335 362 1413 ψυχῇ
378 1328 444 1394 ἐστὶ
461 1327 516 1394 καλ
533 1328 573 1394 τοὶ
585 1329 782 1414 μαθηματας
797 1325 978 1414 Ὡμολόγει.
1000 1328 1066 1393 Kal

57 1427 187 1496 τούτων
196 1426 260 1510 ἄρα
270 1423 308 1493 τά
318 1429 432 1512 με’τρια
446 1423 576 1512 ῶφελεῖ,
590 1422 663 1492 αλλ’
674 1423 716 1492 οὐ
726 1425 766 1492 τά
781 1425 887 1493 πολλά
895 1454 903 1506 3
915 1426 1065 1510 Σννέφη.

143 1533 192 1592 111.
240 1532 323 1594 Τίνα
335 1517 398 1592 οὖν
415 1525 568 1610 ἐρόμενον
578 1519 621 1591 ’άν
633 1527 766 1602 ὁικαίως
777 1527 946 1609 ἐροίμεθα,
959 1519 1067 1590 ὁποῖοι
1086 1541 1105 1590 θ,

58 1630 184 1712 μέτριοι
201 1625 299 1692 πόνοι
317 1625 371 1692 καὶ
387 1631 473 1692 σιτία
485 1621 569 1707 πρὸς
580 1623 616 1691 τὸ
629 1623 724 1709 σῶμά
736 1627 842 1705 ε’στινς
859 1619 1066 1709 Ὡμολογοῶ-

59 1750 121 1810 μεν
131 1736 218 1808 τρεῖς
229 1721 340 1807 ὅντες,
364 1720 414 1790 ὅτι
430 1718 583 1808 ίατρὸνῆ
600 1725 825 1808 παιδοτρίβην.
873 1728 954 1790 Τίνα
972 1717 1004 1788 θ’
1023 1715 1067 1788 άν

58 1824 134 1906 περὶ
145 1820 342 1907 σπερμάτων
353 1828 489 1906 σποραῖς,
502 1816 628 1888 ὁπόσον
640 1823 788 1906 μέτριονς
798 1821 864 1887 Καὶ
875 1819 996 1887 τούτου
1007 1816 1065 1887 τὸν

58 1915 209 2005 γεωργὸν
222 1915 466 2004 ὡμολογοῦμεν.
494 1925 575 1986 Τίνα
587 1919 622 1984 δὲ
634 1919 707 2002 περὶ
722 1918 930 2005 μαθημάτων
942 1924 988 1997 είς
998 1933 1064 1999 φν-

59 2017 120 2104 χην
133 2017 324 2103 φυτεύσεῶς
335 2018 434 2086 τεκαὶ
445 2023 572 2099 σπορᾶς
582 2018 769 2100 ἐρωτῶντες
781 2021 914 2096 δικαίως
925 2013 968 2083 άν
978 2020 1066 2100 ἔροί-

58 2125 162 2201 μεθα,
185 2113 292 2193 ὁπόσα
307 2116 362 2183 καὶ
376 2111 473 2183 ὁποῖα
484 2119 614 2203 με’τριας
638 2114 842 2184 τούντεῦθεν
852 2114 916 2203 ἤδη
927 2114 1066 2200 άπορίας

57 2213 170 2300 μεστοὶ
186 2203 269 2297 ἦμεν
284 2209 442 2291 ἅπαντες·
462 2209 555 2297 κάγῶ
568 2218 780 2296 προσπαίζων
791 2210 913 2293 αὐτοὺς
924 2211 1064 2300 ἠρόμην,
1085 2232 1136 2288 135

57 2310 246 2396 Βούλεσθε,
258 2314 360 2396 ἔφην,
377 2307 489 2396 ἐπειδὴ
501 2308 594 2398 ἡμεῖς
608 2315 644 2379 ἐν
655 2308 779 2401 άπορίηι
790 2316 898 2398 ἔσμεν,
910 2312 1065 2399 ἔρῶμεθα
1181 2374 1185 2380 ,

58 2408 151 2474 ταυτὶ
167 2403 206 2474 τά
217 2407 386 2492 μειράκιας
404 2403 427 2494 ἦ
438 2417 517 2487 ίσως
528 2409 771 2495 αἰσχυνόμεθα,
791 2408 901 2496 ῶσπερ
913 2415 976 2496 ἔφη
988 2411 1066 2488 τούς

58 2500 406 2591 μνηστῆραςὍμηρος,
419 2504 463 2592 μη
476 2503 659 2587 ἀξιούντων
671 2506 758 2576 εἷναί
766 2535 839 2576 τινα
849 2507 963 2596 άλλον,
975 2506 1065 2588 ὅστις

57 2603 184 2669 ἔντενεί
197 2601 233 2668 τό
251 2601 366 2686 τόξονς
388 2602 500 2692 ἔπειὸη
519 2598 583 2674 οὖν
600 2632 656 2692 μοι
672 2606 815 2676 ίιλόκουν
826 2605 971 2693 άθνμεῖν
982 2607 1065 2695 πρός

57 2699 247 2789 τὸνλόγον,
265 2699 349 2791 άλλη
364 2704 552 2792 ἐπειρώμην
564 2719 718 2792 σκοπεῖν,
738 2708 793 2775 καὶ
805 2706 914 2796 ελπον,
931 2716 1018 2779 Ποῖα
1029 2711 1065 2778 ὁὲ

56 2797 189 2888 μάλιστ’
203 2799 284 2868 άττα
295 2802 478 2889 τοπάζομεν
489 2802 651 2873 εἶναιτῶν
666 2807 890 2894 μαθημάτων,
913 2805 1065 2877 άὸεῖτὸν

57 2906 310 2987 φιλοσοφοῦντα
319 2901 518 2988 μανθάνειν,
529 2904 640 2992 ἐπειδὴ
649 2902 723 2992 οῶχλ
732 2907 840 2975 πάντα
852 2904 931 2975 οὐδὲ
940 2906 1046 2975 πολλά
1053 2934 1063 2987 3

56 2996 237 3085 ὑπολαβών
248 2993 312 3068 οὖν
323 2996 341 3067 ὁ
354 3000 544 3087 σοφῶτερος
560 3001 653 3071 εἶπεν
669 3001 721 3073 ὅτι
731 3005 901 3072 Κάλλιστα
911 3001 997 3072 ταῦτ’
1013 3013 1062 3091 είη
1082 3025 1103 3077 Β

56 3106 125 3165 τῶν
145 3096 353 3185 μαθημάτων
369 3100 424 3168 καλ
445 3100 673 3187 προσήκοντα,
696 3099 758 3188 ἀφ’
782 3095 831 3170 ῶν
849 3098 892 3170 άν
909 3109 1065 3190 πλείστην

57 3193 160 3274 δόξαν
171 3200 237 3282 ἔχοι
247 3221 295 3274 τις
306 3201 353 3275 είς
364 3203 583 3281 φιλοσοφίαν·
603 3205 760 3286 πλείστην
772 3197 803 3267 θ’
815 3194 860 3266 άν
870 3203 937 3286 ἔχοι
949 3201 1062 3287 δόξαν,

56 3298 88 3362 εί
97 3297 210 3381 ὁοκοίη
220 3301 289 3362 τῶν
300 3301 426 3381 τεχνῶν
436 3299 590 3381 ἔμπειρος
601 3295 686 3364 εἶναι
697 3306 832 3380 πασῶν,
851 3303 881 3365 εί
891 3297 927 3366 δὲ
937 3297 983 3387 μή
991 3349 1000 3383 ,
1018 3297 1063 3378 ῶς
1182 3372 1185 3377 ,

55 3398 220 3461 πλείστων
235 3418 273 3479 γε
291 3395 346 3460 καλ
363 3391 503 3478 μάλιστα
513 3399 582 3462 τῶν
593 3392 792 3483 ἀξιολόγων,
814 3396 937 3483 μαθῶν
952 3394 1064 3464 αὐτῶν
1184 3390 1188 3451 Ᾰ
