2408 3780
144 163 207 226 342
340 167 667 225 ΑΛΚΙΒἸΛΔΗΣ
691 169 959 230 ΔΕΤΤΕΡΟΣ.
1133 180 1164 236 72

78 340 127 396 149
143 332 269 411 λούμεν
284 324 433 411 χρήματα
450 322 513 393 ὅσα
531 322 608 392 οὐδ’
627 329 661 393 οῖ
677 323 772 393 άλλοι
783 323 966 411 ξύμπαντες
981 326 1163 418 Ἕλληνες·

142 429 415 511 Λακεδαιμονίοις
432 428 484 507 δέ,
507 424 628 510 φάναι,
652 421 861 491 οὐδεπώποτ’
881 429 1040 513 ἐμέλησεν
1056 428 1163 501 οὐδέν

54 586 65 603 ,
142 525 288 610 τούτων,
319 521 394 590 ἀλλ’
424 521 530 600 οὕτως
560 519 731 607 ὀλιγώρως
760 523 941 592 διάκεινται
969 526 1056 613 πρός
1079 530 1163 610 τούς

143 623 261 706 θεούς,
286 620 369 690 ὥστε
391 625 446 690 καλ
467 619 623 709 άνάπηρα
639 620 787 689 θύουσιν
804 622 957 692 ἑκάστοτε
975 628 1030 693 καὶ
1051 621 1161 698 τᾶλλα

143 720 252 789 πάντα
269 719 331 789 οὐκ
349 721 448 810 ὀλίγῳ
467 723 681 805 ἐνδεεστέρως
696 730 834 809 τιμαῖσιν
845 719 929 810 ἥπερ
941 721 1051 811 ἡμεῖς,
1074 728 1161 815 χρή-

143 847 228 906 ματα
240 819 340 889 οὐδέν
350 821 473 889 ἐλάττω
482 824 674 906 κεκτημένοι
685 829 742 905 τῆς
755 818 913 909 ἡμετέρας
931 823 1068 903 πόλεως.
1088 828 1160 895 ἐπεὶ
1194 840 1196 863 ¹

70 979 73 983 ,
144 918 183 1005 δη
203 924 368 1005 εἰρηκέναι
383 927 488 986 ταῦτα
506 921 561 986 καὶ
580 921 800 1006 ἐπερωτῆσαι,
821 927 855 989 τί
867 922 928 1009 χρὴ
947 923 1158 1007 πράττοντας
1194 936 1196 941 ’

144 1016 265 1097 αὐτούς
286 1027 353 1085 τοῖν
376 1017 552 1104 παρόντων
574 1027 688 1085 κακῶν
707 1016 903 1105 ἀπαλλαγὴν
917 1018 1045 1107 εὑρεῖν,
1070 1022 1156 1094 άλλσ
1194 1044 1196 1051 “

104 1139 126 1188 Β
145 1117 205 1203 μέν
216 1113 322 1186 οὐθέν
340 1115 566 1203 ἀποκριθῆναι
578 1116 639 1185 τόν
655 1117 830 1204 προφήτην
851 1159 881 1171 ·-
898 1116 956 1188 τόν
979 1119 1045 1206 γάρ
1068 1124 1157 1194 θεόν
1194 1112 1196 1117 ⁵

142 1215 205 1284 οὐκ
228 1220 286 1305 εἠἰυ
309 1220 411 1301 δῆλον
432 1215 540 1283 ότι-
558 1218 740 1285 καλέσαντα
758 1218 794 1285 δέ
811 1215 931 1306 αὐτόν,
951 1218 1154 1310 Ἀθηναίοις,

142 1316 264 1403 φάναι,
276 1315 353 1382 τάδε
365 1313 607 1401 λέγει’Ἆμμων·
624 1316 726 1401 φησὶν
736 1311 780 1384 άν
791 1318 976 1405 βούλεσθαι
987 1317 1081 1409 αὐτῷ
1092 1323 1155 1408 τὴν

140 1421 414 1501 Λακεδαιμονίων
436 1412 604 1499 εὐφημίαν
625 1412 710 1482 εἶναι
730 1423 859 1501 μάλλον
882 1412 961 1503 ἦτά
978 1419 1154 1505 ξύμπαντα

134 1513 381 1601 τῶνἙλλήνων
392 1513 473 1599 ἱερά.
487 1519 631 1581 τοσαῦτα
641 1521 754 1602 εἰπεῖν,
767 1514 877 1584 οὐκέτι
885 1522 1078 1602 περαιτέρω.
1092 1522 1154 1607 τη’ν

138 1612 175 1698 μ’
195 1606 259 1680 οὐν
276 1612 444 1699 εὐφημίαν
461 1609 523 1680 οὐκ
541 1611 645 1699 άλλην
663 1613 738 1681 τινά
748 1641 805 1700 μοι
816 1618 908 1683 δοκεῖ
918 1619 1028 1701 λέγειν
1040 1615 1058 1684 ὁ
1071 1619 1153 1698 θεός

141 1708 236 1797 ἢτην
256 1710 357 1798 εὐχην
370 1710 497 1780 αὐτῶν·
521 1709 670 1796 ἔστιγὰρ
687 1719 732 1802 τῷ
751 1711 824 1779 όντι
841 1711 928 1781 πολὺ
946 1719 1152 1798 διαφέρουσα

71 1838 77 1847 ·
101 1830 126 1882 ω
144 1818 211 1878 τῶν
222 1810 341 1879 άλλων.
365 1815 399 1878 οδ
414 1808 549 1896 μένμάρ
561 1809 814 1896 άλλοιἝλληνες
827 1815 861 1879 οῖ’
868 1813 928 1903 μὲν
938 1815 1151 1900 χρυσόκερως

142 1917 225 1998 βούς
240 1910 545 1996 παραστησάμενοι,
567 1911 671 1992 έτεροι
689 1905 721 1976 δ’
739 1907 932 1994 άναθήμασι
944 1910 1153 1997 δωρούμενοι

141 2007 220 2088 τοὺς
231 2009 344 2095 θεούς,
357 2008 510 2095 εὔχονται
521 2007 592 2077 ἅττ’
606 2004 649 2075 άυ
660 2006 741 2096 τύχη
754 2014 867 2087 ταῦτα,
880 2003 924 2075 άν
934 2035 969 2076 τε
981 2008 1096 2094 άμαθά
1108 2012 1151 2080 άν

136 2134 176 2176 τε
188 2108 290 2175 κακά·
313 2108 602 2193 βλασφημούντων
619 2099 682 2174 οὐν
700 2103 812 2173 αὐτῶν
828 2104 1009 2187 α’κούοντες
1027 2113 1062 2178 οδ
1076 2114 1152 2179 θεολ

142 2203 204 2275 οὐκ
223 2203 440 2291 ἀποδέχονται
456 2203 513 2284 τάς
530 2213 718 2286 πολυτελεῖς
734 2208 872 2273 ταυτασὶ
890 2208 1022 2293 πομπάς
1038 2235 1074 2277 τε
1097 2214 1151 2279 καὶ

141 2311 271 2383 θυσίας.
294 2302 375 2373 άλλόι
389 2308 482 2371 δοκεῖ
495 2330 551 2389 μοι
567 2311 690 2391 πολλῆς
702 2313 852 2392 φυλακῆς
865 2311 997 2375 δεῖσθαι
1007 2310 1062 2377 καὶ
1074 2313 1152 2378 σκέ-

141 2420 244 2489 ψεως,
258 2403 280 2472 ’ό
290 2411 324 2472 τί
332 2429 410 2471 ποτε
422 2405 540 2489 ῥητέον
550 2406 616 2470 ἐστὶ
628 2406 683 2470 καὶ
693 2404 748 2491 μή.

226 2510 304 2571 XIII.
345 2500 508 2590 Εὑρήσεις
531 2503 567 2572 δέ
587 2505 642 2571 καὶ
667 2502 748 2588 παρ’
773 2502 901 2594 Ὁμήρῳ
924 2508 1018 2592 ἕτερα
1041 2531 1150 2590 παρα-

100 2625 122 2676 ι)
142 2603 263 2688 πλήσια
281 2603 409 2680 τούτοις
427 2605 590 2688 εἰρημένα.
614 2604 695 2687 φησὶ
711 2599 775 2688 γάρ
792 2602 871 2683 τοὺς
884 2612 999 2690 Τρῶας
1010 2611 1151 2676 ἔπαυλιν

143 2702 362 2785 ποιουμένους

226 2801 336 2880 έρδειν
347 2797 545 2867 άθανάτοισι
558 2805 732 2885 τεληέσσας
744 2803 941 2890 ἑκατόμβας·

142 2896 203 2986 την
215 2898 251 2966 δὲ
266 2910 385 2965 κνῖσαν
403 2899 439 2964 έκ
457 2904 520 2964 τοῦ
530 2904 646 2981 πεδιόυ
658 2898 736 2978 τούς
753 2898 896 2986 άνέμους
913 2903 1028 2985 φέρειν
1044 2899 1152 2985 οὐρα-

141 3000 292 3068 νόνελσω
946 3028 950 3036 ·

224 3097 354 3184 ἡδεῖαν·
367 3105 425 3184 τῆς
437 3095 469 3164 δ’
484 3095 526 3165 οὐ
535 3122 565 3164 τι
577 3096 680 3176 θεοὺς
691 3098 840 3183 μάκαρας
851 3102 1043 3182 δατέεσθαι,

227 3194 300 3263 οὐδ’
315 3200 457 3265 ἐθέλειν·
470 3195 557 3282 μάλα
568 3196 633 3282 γάρ
645 3216 726 3281 σφιν
737 3192 905 3281 άπηχθετο
915 3195 1015 3275 Ἴλιος
1028 3197 1083 3282 ίρη

103 3313 122 3362 οἱ
227 3296 282 3361 καὶ
292 3302 441 3382 Πρίαμος
451 3298 506 3363 καλ
518 3294 597 3374 λαός
608 3299 770 3380 ἐϋμμελίω
781 3294 960 3381 Πριάμοιο·
1145 3282 1155 3301 ’

70 3388 227 3552 ,ὥστε
239 3389 339 3459 οὐδὲν
350 3391 462 3471 αὐτοῖς
472 3385 516 3479 ἦν
532 3392 706 3480 προύργου
715 3393 816 3461 θύειν
826 3419 861 3461 τε
873 3396 928 3461 καὶ
939 3398 1030 3478 δωρα
1042 3403 1146 3464 τελεῖν
