2408 3780
114 190 136 250 6
473 188 760 247 ΠΛΑΤΩΝΟΣ

118 354 176 438 μὲν
193 352 264 435 είδη
283 344 367 414 αὐτά
385 344 481 433 άττα,
506 347 604 432 χωρὶς
623 346 659 414 δὲ
676 346 716 414 τά
732 345 862 415 τούτων
874 338 918 414 αὖ
928 349 1122 433 μετέχοντας

117 452 174 515 καί
187 452 222 513 τί
229 467 282 513 σοι
292 449 386 512 δοκεῖ
394 442 479 511 εἶναι
490 441 572 530 αότὴ
585 440 738 530 ὁμοιότης
749 445 846 530 χωρὶς
857 435 897 530 ἡς
906 441 998 531 ἡμεῖς
1008 441 1121 529 ὁμοιό-

114 569 210 630 τητος
226 547 358 629 ἔχομεν,
380 544 435 610 καὶ
454 544 492 608 ἓν
503 539 542 626 δὴ
555 543 609 608 καὶ
621 540 727 609 πολλά
740 541 795 607 καὶ
808 540 917 608 πάντα
929 539 992 609 όσα
1004 548 1070 609 νῦν
1082 543 1122 628 δὴ

114 642 270 728 Ζήνωνος
280 639 555 727 ἡκουες;”Εμοιγε
562 689 571 723 ,
584 639 688 724 φάναι
698 638 757 706 τὸν
768 641 942 725 Σωκράτη.
969 632 1074 706 Ἠκαὶ
1083 637 1123 706 τά

114 740 236 827 τοιάδε,
250 745 353 807 εἰπεῖν
364 736 425 805 τόν
434 741 664 822 Παρμενίδην,
675 730 749 803 οἷον
761 740 890 803 δικαίου
901 763 932 805 τι
943 735 1029 815 εἶδος
1040 734 1122 804 αὐτὸ

113 837 194 908 καθ’
215 835 296 906 αὐτὸ
315 838 370 905 καὶ
381 843 487 904 καλοῦ
497 836 552 902 καὶ
564 833 697 919 άγαθοῦ
708 838 762 903 καὶ
773 833 908 903 πάντων
920 828 964 901 αὖ
975 842 1042 901 τῶν
1054 861 1123 902 τοι-

82 938 245 1016 ὓούτωνς
268 942 352 1021 Ναί,
365 934 478 1018 φάναι.
517 939 558 1000 Τί
567 929 609 1016 δ’,
628 931 813 1015 ἀνθρώπου
824 932 910 1011 εἶδος
921 935 1018 1018 χωρὶς
1029 930 1123 1019 ἡμῶν

115 1037 171 1103 καὶ
187 1042 255 1101 τοῖν
274 1029 338 1100 οἷοι
353 1028 445 1117 ἡμεῖς
461 1030 560 1116 ἐσμὲν
576 1030 728 1117 πάντων,
752 1029 834 1100 αὐτό
845 1058 876 1099 τι
888 1030 974 1110 εἶδος
985 1029 1123 1118 ἀνθρώ-

115 1156 182 1200 πον
193 1126 215 1218 ἡ
228 1127 334 1215 πνρδς
346 1124 368 1215 ἡ
379 1130 433 1196 καὶ
444 1127 580 1206 ὕδατος;
599 1126 653 1195 Ἐν
664 1127 803 1218 ἀπορίᾳ,
822 1130 943 1217 φάναι,
964 1130 1124 1208 πολλάκις

31 1302 34 1307 ,
116 1228 157 1314 δή
165 1278 175 1313 ,
188 1221 434 1313 άΠαρμενίδη,
449 1228 523 1310 περὶ
535 1223 646 1294 αὐτῶν
656 1230 793 1313 γέγονα,
812 1228 934 1311 πότερα
945 1228 1006 1315 χρὴ
1019 1230 1122 1314 φάναι

116 1326 228 1413 οἵσπερ
247 1327 321 1409 περὶ
339 1319 634 1409 ἐκείνωυὴάλλως.
663 1317 705 1391 Ἦ
713 1327 768 1392 καὶ
779 1328 853 1408 περὶ
864 1332 985 1411 τοῖνδε,
1008 1320 1035 1393 ό
1045 1327 1123 1395 Σά-

116 1449 243 1510 κρατες,
257 1420 342 1490 δίκαὶ
352 1431 464 1508 γελοῖα
480 1423 605 1502 δόξειεν
616 1417 660 1489 άν
672 1422 771 1507 εἶναι,
784 1420 857 1491 οἷον
866 1426 943 1509 θρὶξ
954 1428 1008 1492 καί
1020 1424 1123 1511 πηλὸς

115 1525 171 1591 καί
179 1517 315 1609 ῥόποςὴ
326 1520 406 1589 άλλο
416 1520 437 1589 ὅ
447 1549 478 1590 τι
489 1519 685 1607 ἀτιμότατόν
694 1548 729 1588 τε
740 1524 795 1589 καὶ
807 1522 1025 1606 φαυλότατον,
1038 1522 1123 1591 άπο-

116 1635 183 1707 ρεῖς
200 1620 336 1707 είτεχρὴ
349 1620 518 1705 φάναικαὶ
529 1619 659 1687 τούτων
670 1620 810 1687 ἑκάστου
822 1618 907 1698 εἶδος
921 1618 1004 1687 εἶναι
1015 1629 1122 1705 χωρίς,

76 1734 97 1785 D
116 1714 159 1787 όν
175 1718 255 1787 άλλο
273 1716 386 1786 αὐτῶν
406 1711 455 1786 οἷν
471 1715 563 1805 ἡμεῖς
579 1718 885 1805 μεταχειριζόμεθα,
909 1728 973 1787 είτε
990 1723 1044 1786 καὶ
1062 1718 1123 1803 μη’;

119 1814 298 1901 Οὐδαμῶς,
312 1816 416 1900 φάναι
427 1815 486 1884 τδν
496 1817 679 1902 Σωκράτη,
691 1817 773 1884 άλλά
785 1827 889 1885 ταῦτα
900 1822 963 1904 μίν
972 1844 1025 1903 με,
1039 1813 1122 1899 άπερ

116 1910 264 1999 ὁρῶμεν,
286 1921 389 1979 ταῦτα
405 1914 461 1980 καί
478 1912 576 1981 εἶναι·
600 1912 685 1992 εἶδος
697 1919 774 1981 δέτι
786 1912 897 1983 αὐτῶν
909 1921 1066 2001 οἰηθῆναι
1078 1913 1124 1980 εῖ-

117 2040 172 2081 ναι
190 2011 235 2099 μὴ
252 2020 328 2081 λίαν
344 2005 512 2101 ἡάτοπον.
544 2011 608 2100 ἤδη
619 2019 731 2100 μέντοι
743 2016 824 2081 ποτέ
832 2040 872 2100 με
882 2016 937 2081 καὶ
948 2019 1067 2097 ἔθραξε
1079 2013 1123 2098 μή

117 2136 148 2179 τι
159 2103 180 2199 ᾖ
191 2112 267 2196 περὶ
277 2110 415 2179 πάντων
425 2110 563 2179 ταύτόν·
585 2116 695 2179 ἔπειτα
712 2111 793 2179 ὅταν
810 2110 913 2199 ταύτῃ
931 2119 1015 2194 στῶ,
1039 2111 1125 2195 φεύ-

117 2236 188 2295 γων
204 2219 351 2295 οἴχομαι,
374 2215 484 2290 δείσας
500 2210 546 2297 μή
564 2235 643 2278 ποτε
661 2221 706 2290 είς
722 2208 788 2278 τιν’
809 2209 944 2297 άβυθον
955 2216 1124 2296 φλυαρίαν

117 2306 270 2395 ἐμπεσών
281 2311 479 2395 διαφθαρῶ·
502 2314 606 2378 ἐκεῖσε
619 2306 652 2377 δ’
664 2302 727 2377 οὖν
738 2306 957 2394 ἀφικόμενος,
972 2314 1018 2385 εἰς
1029 2304 1126 2373 άνΰν

19 2444 22 2449 ·
117 2406 158 2494 δὴ
169 2407 325 2492 ἐλέγομεν
335 2410 404 2491 εῖδη
416 2410 511 2490 ἔχειν,
523 2410 598 2494 περὶ
609 2410 718 2475 ἐκεῖνα
729 2405 1041 2494 πραγματευόμενος
1052 2409 1125 2471 δια-

18 2530 23 2537 ·
80 2510 229 2591 Ιῖτρίβω.
262 2501 425 2590 Νίοςγάρ
438 2502 540 2595 εδέτι,
566 2506 672 2590 φάναι
682 2502 742 2572 τόν
752 2507 983 2590 Παρμενίδην,
1008 2493 1125 2568 όΣό-

18 2650 33 2664 ι.
116 2626 243 2689 κρατες,
254 2605 310 2669 καλ
320 2600 414 2670 οὕτω
423 2624 486 2670 σου
496 2601 706 2690 ἀντείληπται
718 2608 909 2689 φιλοσοφία,
922 2600 965 2679 ὡς
976 2605 1022 2666 ἔτι
1033 2595 1126 2665 άντι-

116 2697 254 2787 λήψεται
274 2698 348 2767 κατ’
371 2700 453 2787 ίμὴν
476 2701 592 2788 δόξαν,
615 2701 670 2770 ὅτε
693 2700 794 2770 οὐδὲν
812 2699 925 2769 αὐτῶν
942 2699 1124 2784 άτιμάσεις·

116 2802 183 2865 νῦν
202 2796 239 2866 δὲ
260 2800 308 2865 ἔτι
329 2799 414 2883 πρὸς
433 2797 627 2883 ἀνθρώπων
649 2799 846 2886 ἀποβλέπεις
868 2799 965 2878 δόξας
987 2795 1041 2863 διὰ
1064 2794 1126 2881 τὴν

71 2954 79 2979 ,.
116 2890 258 2981 ἡλικίαν.

201 3000 240 3063 V.
287 2994 372 3063 Τόδε
384 2985 449 3061 οὖν
460 3020 516 3077 μοι
527 2994 605 3061 είπέ.
628 2998 720 3061 δοκεῖ
728 3015 796 3080 σοι,
811 2990 854 3072 ὡς
866 2992 947 3081 φῄς,
960 2989 1042 3059 εἶναι
1055 2994 1126 3058 είδυ

115 3082 215 3173 ἅττα,
237 3083 288 3161 οδυ
303 3090 382 3159 τάδε
398 3089 438 3158 τά
456 3090 539 3159 άλλα
557 3092 852 3179 μεταλαμβάνοντα
868 3089 925 3169 τὰς
937 3093 1124 3175 ἐπωνυμίας

66 3184 96 3243 ³1
114 3178 231 3255 αὐτῶν
249 3198 372 3275 ῖοχειν,
395 3185 468 3257 οἷον
486 3186 678 3275 ὁμοιότητος
694 3189 756 3275 μὲν
773 3189 1000 3276 μεταλαβόντα
1016 3187 1127 3274 ὅμοια,

113 3286 283 3361 mmm
300 3286 336 3354 δὲ
353 3286 497 3372 μεγάλα,
519 3287 663 3365 κάλλους
679 3288 779 3353 τεκαὶ
791 3285 1003 3371 δικαιοσύνης
1016 3288 1125 3351 δίκαιά

66 3388 152 3536 ιη
165 3382 225 3445 καί
238 3379 328 3449 καλά
340 3391 527 3468 γίγνεσθαι.
564 3384 663 3451 Πάνυ
679 3409 734 3469 με,
756 3384 862 3468 φάναι
880 3381 941 3451 τὸν
951 3383 1127 3468 Σωκράτη.
