2408 3780
63 207 96 262 91
457 201 687 259 ΦΛΙΔΡΟΣ.
1006 201 1069 264 229

61 363 204 444 γενέσει,
227 362 310 429 άλλά
328 360 389 448 τὴν
407 360 469 447 μέν
479 370 612 429 πλεῖστα
625 366 764 428 ἰδοῦσαν
775 367 821 440 είς
831 359 936 447 γονὴν
947 360 1070 447 άυδρὸς

62 462 289 544 γενησομένου
307 460 497 547 φιλοσόφον
513 456 535 549 ἢ
554 459 739 546 φιλοκάλου
756 455 778 549 ἢ
799 466 963 547 μουσικοῦ
978 459 1069 538 τινὸς

62 560 116 626 καὶ
141 560 316 645 ἐρωτικοῦ,
338 558 399 647 τὴν
417 559 453 628 δέ
471 564 629 645 δευτέραν
646 566 691 639 είς
707 560 868 647 βασιλέως
884 557 1030 645 ἐννόμου
1045 553 1068 645 ἢ

62 665 244 744 πολεμικοῦ
255 660 310 726 καὶ
323 656 470 746 ἀρχικοῦ,
483 664 596 745 τρίτην
607 664 653 738 είς
663 665 836 726 πολιτικοῦ
846 656 869 745 ἥ
878 683 967 735 τινος
977 662 1068 725 οίκο-

63 763 204 842 νομικοῦ
221 751 243 843 ἦ
259 766 530 845 χρηματιστικοῦ,
552 759 711 844 τετάρτην
727 764 772 837 εἰς
793 757 982 843 φιλοπόνου
1003 783 1067 843 γυ-

62 863 245 939 μναστικοῦ
255 851 278 940 ἦ
289 857 364 942 περὶ
375 855 526 944 σώματος
537 865 627 926 ίασίν
636 882 726 936 τινος
735 857 904 943 ἐσομένου,
916 857 1067 941 πέμπτην

62 951 342 1043 μαντικόνβίονῆ
352 982 427 1023 τινα
438 954 791 1037 τελεστικδνὲξουσαν·
810 956 888 1042 ἕκτη
899 951 1067 1040 ποιητικὸς
1085 970 1105 1019 Ε

61 1048 83 1139 ἢ
94 1059 163 1119 τῶν
173 1054 247 1137 περὶ
259 1059 394 1140 μίμησίυ
405 1081 454 1134 τις
463 1053 564 1134 άλλος
575 1054 724 1144 ἁρμόσει,
737 1055 861 1144 ἑβδόμη
874 1059 1068 1141 δημιουργι-

61 1145 152 1236 κόςῆ
162 1152 357 1239 γεωργικός,
383 1151 486 1242 όγδόη
498 1150 923 1242 σοφιστικόςῆδημοτικός,
946 1153 1067 1241 έννάτη

61 1250 268 1335 τυραννικός.

145 1355 253 1417 XXIX.
298 1351 350 1419 Ἐν
372 1350 411 1440 δὴ
434 1354 563 1432 τούτοις
583 1350 707 1420 άπασιν
730 1349 766 1430 ὃς
786 1352 849 1437 μέν
869 1347 912 1419 άν
935 1355 1068 1432 δικαίως

60 1447 217 1538 διαγάγη,
238 1447 413 1536 ἀμείνονος
423 1460 540 1539 μοίρας
549 1450 808 1540 μεταλαμβάνει,
831 1448 868 1530 δς
885 1449 917 1518 δ’
935 1445 979 1518 άν
994 1448 1068 1519 άδί-
1117 1470 1121 1475 ’

60 1573 142 1631 κως,
166 1554 321 1633 χείρονος.
349 1555 394 1627 είς
417 1550 478 1635 μέν
500 1548 565 1636 γάρ
586 1547 624 1617 τό
645 1547 725 1618 αῦτό
750 1549 834 1618 ὅθεν
849 1547 923 1636 ἥκει
939 1547 959 1636 ἡ
978 1549 1064 1636 ψυχὴ

61 1647 180 1732 ἑκάστη
198 1643 260 1714 οῦκ
278 1644 465 1733 ἀφικνεῖται
480 1650 566 1716 ἐτῦν
581 1655 726 1737 μυρίων·
749 1645 790 1716 οὐ
810 1646 874 1734 γάρ
890 1658 1066 1736 πτεροῦται

61 1741 125 1832 πρὸ
138 1745 302 1813 τοσοῦτον
314 1746 456 1833 χρόνον,
479 1747 567 1835 πλὴν
578 1744 598 1835 ἡ
611 1755 672 1815 τοῦ
684 1748 973 1834 φιλοσοφήσαντος
984 1745 1066 1816 άδό-
1082 1757 1135 1813 249

59 1852 125 1922 λως
135 1839 158 1932 ἢ
169 1846 490 1934 παιδεραστήσαντος
499 1844 580 1934 μετά
593 1851 806 1932 φιλοσοφίας·
818 1837 915 1913 αῦται
929 1849 964 1916 δέ
974 1856 1066 1937 τρίτη

59 1944 203 2034 περιόδφ
225 1952 267 2033 τῇ
286 1953 432 2033 χιλιετελ,
456 1945 514 2014 ἐάν
534 1948 673 2015 ἕλωνται
695 1948 765 2031 τρίς
782 1951 898 2032 ἐφεξῆς
913 1944 973 2014 τόν
990 1955 1066 2035 βίον

59 2049 180 2110 τοῦτον
186 2093 195 2126 ,
215 2041 302 2110 οῦτω
314 2054 533 2127 πτερωθεῖσαι
543 2050 767 2135 τρισχιλιοστῷ
778 2051 842 2113 ἐτει
853 2043 1066 2132 ἀπέρχονται·

59 2143 97 2208 αλ
107 2139 266 2227 δδάλλαι,
286 2168 368 2210 οταν
378 2170 438 2211 του
448 2168 582 2229 πρωτον
590 2152 667 2232 βιον
677 2143 911 2230 τελευτήσωσι,
929 2150 1066 2228 κρίσεως

60 2245 194 2327 ἔτυχον,
216 2234 383 2328 κριδελσαι
399 2245 434 2312 δὲ
450 2246 487 2311 αί
500 2244 561 2329 μέν
578 2249 624 2322 είς
638 2240 679 2310 τά
696 2239 762 2311 ὑπὸ
775 2249 837 2329 γῆς
853 2241 1066 2328 δικαιωτήρια

15 2360 22 2367 ·
59 2341 220 2407 ἐλθοῦσαι
230 2344 326 2427 δίκην
337 2345 539 2430 ἐκτίνουσιν,
552 2346 588 2411 αι’
597 2340 630 2411 δ’
642 2349 687 2421 είς
698 2339 866 2426 τούρανοῦ
877 2342 951 2410 τινά
962 2341 1066 2410 τόπου

59 2435 125 2506 ὑπό
137 2445 194 2525 τῆς
206 2443 297 2526 δίκης
313 2452 549 2527 κουφισθεῖσαι
569 2441 743 2527 διάγουσιν
765 2439 862 2520 ἀξίως
883 2432 926 2509 οῦ
946 2444 982 2508 ἐν
1005 2438 1066 2508 άν-
1084 2455 1104 2506 Β

58 2538 203 2623 θράπου
226 2545 304 2608 είδει
326 2544 469 2629 ἐβίωσαν
488 2548 574 2630 βίου.
594 2550 640 2633 τῷ
660 2542 695 2610 δέ
711 2547 865 2630 χιλιοστχῦ
882 2538 1066 2627 ἀμφότεραι

58 2635 302 2726 άφικνοῦμεναι
318 2642 370 2709 ἐπὶ
385 2639 554 2728 πλήρωσίν
569 2665 604 2710 τε
621 2642 676 2709 καὶ
693 2643 820 2725 αἵρεσιν
834 2648 896 2707 τοῦ
907 2642 1065 2725 δευτέρου

57 2745 135 2825 βίου
147 2742 319 2823 αἱροῦνται
330 2737 372 2808 δν
388 2735 431 2808 άυ
448 2742 547 2829 ἐθέλη
565 2741 699 2827 ἑκάστη·
723 2745 808 2813 ἔνθα
819 2742 874 2809 καὶ
886 2747 1065 2826 είςθηρίου

57 2843 134 2924 βίον
145 2836 341 2926 άυθρωπίνη
352 2838 440 2925 ψυχὴ
452 2836 654 2927 άφικνεῖται,
665 2841 721 2908 καὶ
732 2842 767 2907 ἐκ
778 2846 919 2929 θηρίου,
938 2838 975 2919 ὅς
985 2864 1064 2908 ποτε

58 2935 239 3023 ἅνθρωπος
248 2930 306 3024 ἦν,
328 2938 429 3009 πάλιν
441 2946 486 3019 εἰς
498 2939 690 3028 ἄνθρωπον.
714 2935 756 3006 οῦ
772 2939 836 3024 γάρ
847 2937 870 3024 ἥ
880 2965 918 3025 γε
929 2939 974 3025 μή
986 2963 1064 3006 ποτε

58 3041 177 3105 ίδοῦσα
193 3035 254 3125 τὴν
271 3036 436 3125 ἀλήθειαν
454 3036 712 3125 είςτόδεῆξειτδ
724 3043 840 3123 σχῆμα.
868 3033 991 3120 δεῐγάρ
1002 3034 1065 3102 άν-

57 3145 200 3221 δροοπον
223 3142 369 3217 ξυνιέναι
390 3136 462 3207 κατ’
487 3137 573 3216 εἶδος
589 3137 788 3225 λεγόμενον,
811 3137 848 3203 ἐκ
865 3141 1000 3203 πολλῶν
1012 3132 1065 3203 ίδν

58 3237 251 3325 αἰσθήσεων
263 3246 308 3318 είς
320 3243 356 3307 ἓν
367 3248 513 3330 λογισμῷ
525 3236 802 3323 ξυναιροῦμενον·
815 3241 913 3302 τοῦτο
926 3233 964 3301 δέ
972 3238 1062 3302 ε’στιν
1081 3251 1100 3302 c
1168 3320 1171 3327 1

57 3336 244 3425 ἀνάμνησις
254 3340 402 3423 ἐκείνων,
414 3335 438 3405 ά
449 3335 523 3406 ποτ’
537 3336 623 3407 είδεν
633 3331 759 3425 ἡμῦνὴ
771 3333 859 3422 ψυχὴ
873 3358 1064 3422 σνμπορευ-

56 3445 155 3506 θεῖσα
166 3443 236 3523 θεῷ
249 3440 304 3506 καὶ
316 3433 521 3522 ὑπεριδοῦσα
532 3433 554 3506 ά
564 3445 630 3507 νῦν
642 3434 728 3506 εἶναί
738 3435 936 3526 mamm&
944 3431 1085 3496 δινωτὴ-
1185 3436 1191 3485 ἐ
