2408 3780
90 187 158 224 xxvi
513 171 747 223 PRAEFATIO.

90 313 172 364 vocali
190 313 325 379 repetitum
347 309 458 362 exhibet.
483 340 511 350 -·
530 310 590 360 Mox
607 309 777 374 Καίίικοίτη
797 325 842 377 pro
865 305 1041 380 Καλλικρήτῃ
1057 314 1169 383 Bergkio

90 382 204 447 debetur,
225 382 298 445 cujus
315 380 517 430 emendationem
535 381 569 430 ed
583 381 677 434 Anacr.
693 379 786 446 fragm.
802 394 829 446 p.
839 376 892 433 264
909 383 1067 447 propositam
1080 385 1167 437 Turio.

107 466 191 514 noque
214 450 241 500 in
266 450 405 499 novissime
428 448 539 499 editione
563 449 673 513 amplexi
697 457 765 498 sunt.
783 477 818 489 —
836 450 865 500 Ρ.
889 447 940 503 tto
958 453 982 501 Α
1004 441 1096 516 ὥσπερ
1118 450 1168 505 καί

88 468 167 569 δίδοι
182 519 202 571 0
217 527 242 569 et
256 518 288 577 V,
307 507 400 584 ὥσπερ
418 512 468 567 καὶ
485 510 516 567 oi
531 508 610 566 ἄλλοι
627 517 689 568 BST
704 533 735 568 ex
752 518 823 569 libris
839 519 1014 571 deterioribus.
1027 548 1059 559 -
1073 524 1102 577 P.
1116 521 1169 575 128

90 590 110 639 B
129 585 252 638 δοκεῖτί
270 581 309 637 ἔτι
324 589 377 648 VB,
395 584 477 636 δοκεῖ
490 579 531 636 ἔτι
549 584 575 645 S,
596 583 720 636 δοκεῖτί
738 587 774 645 Τ;
794 602 845 651 que
862 587 889 637 in
906 589 1028 640 verietate
1044 590 1169 643 librorum

89 659 223 709 lectionem
242 659 357 708 revocari
372 657 529 707 tutissimum
547 664 616 720 erut,
636 657 827 722 circumscripto
844 667 928 707 temen
947 672 1006 707 cnm
1022 659 1101 710 neni.
1117 653 1168 728 ἔτι,

91 743 141 791 qno
162 726 264 778 iucilinu
283 741 407 776 caremus.
425 752 460 764 -
482 725 511 776 P.
532 722 584 776 129
600 725 625 774 Α
645 722 783 789 δημοσίου
801 740 847 791 pro
866 722 1016 790 δαιμονίου
1034 730 1169 793 praeclaro

89 796 183 846 Baiteri
201 796 344 847 emendatio
364 804 418 856 est,
437 808 512 860 quem
528 795 618 844 merito
638 795 664 844 in
684 796 783 846 tertium
801 795 886 850 Turio.
903 795 1039 847 editionem
1061 801 1167 865 recepit,

90 880 235 930 quenquam
254 865 340 914 sensui
359 865 435 915 etiam
454 865 525 930 ptine
543 864 676 915 scribendo
694 861 799 928 δημίου
817 865 920 930 egregie
936 865 1079 917 consultum
1098 876 1168 929 eret3

6 976 9 983 .
90 936 175 1001 ipsum
193 936 261 983 enim
279 923 416 996 donicion
431 940 517 982 utrum
535 948 593 982 cum
610 931 711 983 Baitero
729 933 763 985 nd
781 948 908 984 carcerem
927 948 958 984 an
973 936 1007 985 cd
1024 935 1169 989 carnificem

91 1004 211 1060 referunt,
235 1003 395 1052 etiamnunc
418 1001 530 1067 ambigo.
552 1027 586 1039 —
605 1001 632 1050 P.
653 999 703 1053 tit
720 1000 743 1071 D
762 993 849 1070 τούτῳ
867 994 892 1066 μ’
909 991 974 1070 idcio
990 1002 1012 1053 H
1031 1020 1062 1054 ex
1082 1005 1166 1057 Oxon.

92 1073 221 1137 vestigiis,
247 1072 290 1134 qui
311 1068 393 1140 γείᾷο
413 1086 459 1138 pro
479 1069 549 1135 vulg.
568 1060 633 1139 ίλᾷο
651 1071 736 1129 offert3
761 1072 923 1136 indidemque
942 1086 1002 1123 mox
1020 1073 1168 1138 στρατείας

90 1156 137 1207 pro
157 1138 356 1205 πραγματείας,
375 1142 445 1204 quod
463 1154 550 1189 rnrsue
568 1141 705 1189 correctori
724 1140 836 1200 debetur,
856 1142 900 1204 qni
917 1142 1055 1193 orationem
1067 1145 1169 1195 veriore

6 1218 10 1229 '
89 1221 202 1275 cuperet.
219 1235 253 1246 -
272 1211 300 1262 Ρ.
313 1207 390 1262 13οΕ
406 1198 542 1273 παρ’ἐμοδ
560 1209 582 1258 Η
602 1225 634 1259 ex
651 1210 717 1274 conj.
727 1223 780 1328 gro
792 1210 859 1272 παρ’
872 1201 946 1275 ἐμοῦ,
960 1211 1030 1273 qnod
1044 1213 1104 1262 inde
1117 1215 1168 1264 ori-

91 1281 177 1344 ginem
196 1279 276 1339 duxit,
294 1281 363 1343 qnod
382 1280 408 1329 in
425 1277 632 1330 antecedentibus
645 1270 712 1342 παρ’
758 1276 842 1328 είοαν
856 1279 987 1345 jungenda
999 1281 1166 1341 videbanturt

91 1349 181 1398 codem
200 1356 283 1399 tomen
300 1357 390 1414 pecto,
414 1365 464 1413 quo
486 1346 540 1397 iilic
556 1339 634 1410 παρὰ
651 1349 684 1398 οδ
701 1343 757 1398 mi
776 1349 860 1414 potius
877 1348 997 1409 refertur,
1019 1365 1086 1401 nnnc
1103 1366 1167 1417 qno-

91 1434 142 1482 que
160 1418 272 1467 dativum
288 1418 401 1482 requirit.

160 1554 213 1610 Scr.
234 1553 369 1624 Gottingae
387 1556 404 1607 d
430 1555 464 1607 X.
483 1555 553 1606 iunii
570 1553 718 1607 itncctti.
