2408 3780
390 145 735 207 ΠΑΡΜΕΝΙΔΗΣ.
1019 149 1062 211 49

60 314 127 371 τοῖν
145 300 227 371 ὄταν
246 309 294 383 τίς
309 330 340 371 τι
356 303 443 391 λάβῃ
454 311 494 392 τῇ
507 307 635 393 διανοίᾳ
647 304 692 385 ὄς
701 333 733 373 τι
743 305 871 375 τούτων
883 306 934 395 ὄν,
947 310 1012 393 πρό
1026 335 1061 378 τε

60 410 118 488 τῆς
129 399 233 488 ἀρχῆς
244 401 327 489 άλλη
337 398 388 470 άεὶ
399 408 551 488 φαίνεται
562 399 646 490 ἀρχή
652 454 661 488 ,
682 403 763 490 μετά
779 430 814 471 τε
831 404 892 492 τὴν
904 406 1060 495 τελευτὴν
1084 422 1106 474 Β

62 502 154 585 ἑτέρα
167 499 409 586 ὑπολειπομένη
425 501 576 587 τελευτή,
600 509 638 570 έν
650 528 685 570 τε
694 511 743 594 τῷ
754 505 842 592 μέσῳ
853 502 936 571 άλλα
948 513 1063 590 μεσαί-

60 624 138 683 τερα
149 606 212 666 τοῦ
221 599 341 684 μέσον,
360 596 557 685 σμικρότερα
568 602 620 686 δέ,
639 598 692 669 διά
703 599 740 670 τό
753 598 797 688 μὴ
810 601 978 669 δύνασθαι
989 601 1063 682 ἑνός

61 695 173 765 αὐτόν
193 696 336 765 ἑκάστου
356 695 602 784 λαμβάνεσθαι,
626 697 682 767 ἅτε
701 697 764 768 οὐκ
785 699 884 781 ὄντος
898 710 959 769 τοῦ
979 701 1061 780 ἑνός.

57 793 286 881 Ἀληδέστατα
331 796 547 881 Θρόπτεσθαι
569 798 626 884 δή,
655 797 760 885 οἶμαι,
788 799 1064 884 κερματιζόμενον

61 892 192 981 ἀνάγκη
203 901 271 961 πάν
281 889 319 961 τό
332 889 389 979 ὄν,
413 889 431 961 δ
449 892 493 960 άν
508 921 557 974 τις
573 897 659 985 λάβῃ
670 904 709 987 τῇ
726 902 865 987 διανοίᾳ.
888 898 986 982 ὄγκος
999 897 1062 982 γάρ
1142 932 1148 941 ·

62 1016 128 1059 που
144 990 229 1060 άνεν
246 990 321 1072 ένδς
337 992 531 1079 λαμβάνοιτ’
543 993 594 1063 ὄν.
626 994 725 1063 Πάνυ
738 994 800 1082 μέν
821 988 893 1063 οὖν.
927 993 1064 1062 Οόκοὺν

62 1092 98 1158 τό
115 1117 154 1178 γε
171 1099 327 1161 τοιοῦτον
340 1094 519 1181 πόρρωθεν
535 1093 596 1179 μὲν
613 1092 734 1179 ὁρῶντι
744 1091 920 1181 καλάμβλό
932 1097 969 1160 ἓν
981 1101 1062 1179 φατ’-

63 1200 184 1258 υεσθαι
195 1187 334 1279 ἀνάγκη,
346 1191 492 1278 έγγόδεν
503 1190 539 1259 δέ
549 1194 603 1262 καὶ
615 1191 675 1275 ὄξό
689 1199 824 1261 νοοῦντι
838 1191 958 1279 πλήθει
969 1192 1063 1260 άπει-
1084 1203 1106 1259 c

63 1315 123 1375 ρον
136 1293 176 1358 ἓν
191 1292 332 1359 ἕκαστον
348 1299 512 1379 φανῆναι,
535 1301 625 1378 εἴπερ
637 1297 781 1377 στέρεται
793 1300 854 1360 τοῦ
864 1289 938 1371 ένός
948 1290 992 1377 μὴ
1003 1289 1063 1360 ὄυ-

62 1414 133 1471 τοςς
148 1385 430 1476 ’Ἀναγκαιότατον
451 1391 513 1478 μέν
533 1384 607 1460 οόν.
638 1389 734 1459 Οὕτω
756 1388 797 1478 δὴ
814 1389 933 1475 άπειρά
954 1394 1061 1457 τεκαὶ

62 1492 164 1571 πέρας
179 1492 295 1574 έχοντα
311 1491 367 1559 καὶ
384 1492 488 1559 ἓνκαὶ
504 1487 610 1559 πολλά
626 1491 748 1557 ἕκαστα
764 1480 867 1556 τᾶλλα
884 1493 933 1556 δεῖ
944 1495 1056 1574 φαίνε·

64 1595 162 1671 σθαι,
184 1589 223 1655 ἓν
234 1594 265 1656 εἰ
276 1587 320 1675 μή
333 1593 438 1676 ἔστιν,
458 1587 542 1658 άλλα
554 1588 589 1657 δὲ
601 1595 661 1656 τοῦ
673 1589 754 1666 ἑνός.
789 1594 855 1653 Δεῖ
862 1586 936 1670 γάρ.
972 1581 1064 1650 Οὐκ-

64 1691 127 1752 οῦν
144 1687 200 1754 καλ
216 1685 315 1773 ὅμοιά
333 1691 442 1756 τεκαὶ
459 1685 600 1774 άνόμοια
612 1686 698 1765 δόξει
711 1682 807 1761 alvan
828 1690 884 1769 Πῇ
901 1679 958 1766 δός
981 1675 1064 1747 Οἷον

65 1785 353 1871 ἐσκιαγραφημένα
362 1783 543 1854 άποστάντι
554 1781 778 1870 μὲνὲνπάντα
787 1780 972 1867 φαινόμενα
981 1778 1064 1846 ταό-

63 1880 124 1951 τόν
145 1890 328 1968 φαίνεσθαι
348 1885 553 1952 πεπονθέναι
574 1883 629 1950 καλ
649 1879 746 1968 ὄμοια
768 1880 859 1949 εἶναι.
896 1880 995 1950 Πάνυ
1015 1904 1061 1966 γε.

65 1981 295 2065 Προσελδόντι
317 1986 355 2050 δέ
366 2006 404 2068 γε
424 1981 530 2050 πολλοὶ
553 1985 608 2050 καλ
628 1983 724 2065 ἕτερα
744 1981 799 2049 καὶ
815 1987 861 2070 τῷ
878 1989 937 2048 τοῦ
950 1983 1063 2063 ἑτέρου
1085 1995 1105 2047 n

64 2077 273 2165 φαντάσματι
294 2080 420 2163 ἑτεροῖα
441 2082 496 2147 καὶ
513 2077 654 2167 ἀνόμοια
672 2082 808 2159 έαντοῐς.
842 2077 965 2158 Οὕτως.
996 2081 1063 2147 Καὶ

65 2174 203 2264 ὁμοίους
213 2177 254 2264 δὴ
270 2181 326 2246 καὶ
342 2177 521 2265 ἀνομοίους
537 2179 616 2258 τοὺς
626 2177 747 2264 ὄγκους
758 2176 880 2258 αότοός
891 2204 925 2246 τε
937 2180 1063 2257 ἑαυτοῖς

63 2274 192 2362 άνάγκη
203 2281 383 2361 φαίνεσθαι
394 2278 449 2345 καλ
461 2275 622 2364 ἀλλήλοις.
649 2277 748 2345 Πάνν
759 2270 903 2364 μὲνοῦν.
925 2274 1063 2345 Οὐκοῦν

62 2375 118 2442 καὶ
138 2370 219 2452 τούς
239 2370 361 2452 αότοός
377 2376 432 2444 καὶ
449 2377 580 2460 έτέρονς
598 2374 765 2462 ἀλλήλων,
788 2378 843 2443 καὶ
860 2374 1064 2461 ἁπτομένους

63 2473 117 2540 καὶ
133 2471 234 2557 χωρὶς
258 2473 401 2559 ἑαυτῶν,
423 2476 477 2542 καὶ
496 2477 713 2559 κινουμένους
728 2472 835 2552 πάσας
850 2475 995 2561 κινήσεις
1010 2477 1064 2541 καὶ

10 2574 15 2591 '
64 2573 207 2649 ἑστῶτας
223 2569 347 2659 πάντῃ,
372 2572 427 2639 καὶ
444 2574 663 2658 γιγνομένους
678 2569 1000 2657 καλάττολλυμένους
1010 2574 1065 2642 καὶ

10 2724 12 2729 .
64 2672 241 2757 μηδέτερα,
258 2671 314 2736 καὶ
328 2669 436 2738 πάντα
447 2695 513 2738 που
522 2669 563 2738 τά
573 2677 727 2756 τοιαῦτα,
741 2666 762 2736 ό
775 2674 920 2737 διελθεῖν
931 2668 1064 2751 εὐπετὲς
1085 2689 1107 2740 Ε

10 2808 15 2849 ;
63 2767 125 2856 ἤδη
142 2765 240 2891 ἡμῖν,
262 2773 293 2836 εἰ
310 2765 385 2848 ἑνός
403 2766 448 2855 μὴ
470 2767 566 2849 ὄντος
587 2767 692 2838 πολλά
709 2773 806 2836 ἔστιν.
846 2763 1064 2854 Ἀληθέστατα

10 2894 13 2921 ¹
64 2868 208 2953 μὲνονν.

10 2964 19 3055 ’ζ
146 2968 271 3034 XXVII.
304 2962 376 3033 Ἔτι
388 2963 428 3052 δὴ
443 2962 529 3046 άπαξ
545 2966 701 3044 ἐλθόντες
712 2966 813 3035 πάλιν
824 2968 876 3033 ἐπὶ
886 2965 949 3053 τὴν
959 2963 1064 3051 ἀρχὴν

10 3078 26 3145 i,
65 3072 226 3149 εἴπωμεν,
250 3064 288 3129 ἓν
299 3068 331 3131 ελ
342 3059 386 3149 μὴ
398 3068 481 3148 έστι,
504 3055 607 3132 τάλλα
619 3066 654 3132 δὲ
665 3071 727 3132 τοῦ
738 3062 828 3148 ένός,
850 3069 885 3129 τί
894 3063 954 3148 χρὴ
969 3061 1061 3130 εἶναι.

10 3148 14 3169 '
67 3151 379 3247 Ελπωμενγάροόν.
407 3151 958 3248 Οὐκοῦνὲνμὲνοόκέσταιτάλλα.
987 3167 1065 3239 Πολς

10 3282 21 3365 γ
68 3258 144 3344 γάρ;
170 3255 261 3328 Οόδὲ
271 3256 339 3346 μὴν
355 3259 461 3327 πολλά
472 3283 531 3345 γε·
547 3261 585 3327 ἐν
601 3258 664 3345 γάρ
673 3265 805 3336 πολλοῖς
815 3248 913 3323 οόσιν
923 3257 1010 3342 ἐνείη
1021 3251 1065 3323 ὄν

10 3384 25 3415 ·-
70 3361 121 3425 καὶ
132 3354 301 3509 ὄζιίτίογιὲμ
313 3356 417 3443 μηδὲν
427 3353 539 3425 αὐτῶν
550 3359 639 3425 ἐστὶν
652 3357 700 3442 έν,
715 3353 844 3424 ἅπαντα
856 3351 955 3508 οὐδέν
965 3358 1070 3438 ἐστιν,
