2408 3780
159 181 201 247 84
518 185 804 243 ΠΛΑΤΩΝΟΣ

126 359 145 410 c
160 344 214 413 καὶ
226 349 375 422 εἰσαύθις
386 342 657 427 ἐπισκεψώμεθα,
675 341 734 410 ἐάν
745 342 828 427 πρὸς
839 351 942 430 λογον
952 369 983 411 τι
993 334 1033 433 ή,
1051 344 1167 435 καὶτῷ

159 448 208 531 νῷ
219 442 302 526 πρὸς
313 439 353 508 τά
366 445 542 525 δευτερεῖα,
555 437 614 505 ἐάν
626 439 670 526 μή
682 438 765 526 πρὸς
776 440 816 508 τά
828 455 970 526 πρωτεῖα
982 440 1164 528 δυνάμεθα

160 537 635 626 προσθεῖναι,ποοσθήσομεν.

245 645 348 707 nm.
378 636 562 723 Ὀρθότατα
573 637 687 722 λέγεις.
1111 714 1114 719 ¹
1197 712 1201 717 Ι

246 743 323 805 XIX.
371 742 443 803 252.
476 734 541 803 Καὶ
565 732 633 820 μήν
653 735 691 802 τό
712 761 749 819 νε
764 735 879 819 ἕτερον
896 731 982 812 εἶδος
998 740 1069 803 τῶν
1084 730 1168 821 ήδο-

160 842 246 919 νῶν,
269 832 289 901 δ
306 840 363 920 τής
382 841 487 919 φυχής
503 830 605 917 αότής
622 837 749 918 ἔφαμεν
767 829 866 915 εἶναι,
890 827 943 898 διά
955 830 1088 917 μνήμης
1098 837 1168 899 πᾶν

161 932 227 998 ἐστὶ
237 931 386 1016 γεγονός.

245 1032 346 1094 nm.
379 1033 471 1106 110393

247 1131 321 1191 Σέλ.
355 1123 519 1210 Μνήμην,
539 1123 582 1204 ὠς
596 1129 719 1211 ἔοικεν,
739 1123 759 1191 ὅ
769 1122 885 1193 τέτατ’
899 1129 982 1208 ἒοτι,
1000 1125 1165 1210 πρότερον

162 1217 379 1305 ἀναληπτέον,
391 1223 445 1287 καὶ
463 1221 651 1289 κινδυνεύει
663 1220 763 1288 πάλιν
775 1225 822 1288 ἔτι
832 1220 995 1306 πρότερον
1006 1229 1166 1308 αἴσθησιν

162 1317 306 1403 μνήμης,
329 1323 360 1384 εί
373 1321 482 1403 μέλλει
497 1315 537 1384 τά
554 1319 628 1402 περὶ
647 1314 748 1385 ταῦθ’
767 1315 846 1404 ἡμῖν
862 1314 945 1386 κατά
962 1316 1091 1405 τρόπον
1101 1343 1168 1404 φα-

127 1435 148 1488 1)
167 1415 247 1502 νερά
260 1440 305 1503 πη
315 1415 523 1502 γενήσεσθαι.

245 1521 347 1582 ΠΡΩ.
380 1512 549 1602 Πάςφήςς

246 1620 321 1682 ΣΩ.
355 1614 417 1691 (θὲς
435 1620 502 1680 τοῖν
522 1613 596 1696 περὶ
616 1611 652 1679 τό
671 1618 766 1698 σῶμα
776 1608 871 1698 ήμῶν
886 1609 1041 1679 ἑκάστοτε
1053 1620 1166 1698 παθη·

163 1711 276 1797 μάτων
284 1711 324 1779 τά
334 1711 394 1798 μὲν
403 1713 439 1778 έν
449 1717 494 1801 τῷ
504 1711 630 1795 σάματι
641 1709 944 1796 κατασβεννύμενα,
956 1710 1036 1794 πρὶν
1046 1706 1168 1796 έπὶτήν

163 1806 273 1893 ψυχήν
284 1813 480 1891 διεξελθεῖν,
501 1806 616 1893 ἀπαθῆ
628 1811 758 1894 ἐκείνην
770 1806 929 1891 ἐάσαντα,
949 1805 989 1873 τά
999 1805 1035 1874 δὲ
1046 1805 1092 1875 δι’
1104 1804 1169 1894 ἀμ·

163 1919 242 1989 φοῑν
254 1903 347 1973 ἰόντα
358 1912 417 1973 καί
423 1932 496 1972 τινα
510 1903 619 1990 ὥσπερ
633 1902 770 1990 σεισμόν
782 1905 954 1972 ἐντιθέντα
966 1903 1054 1972 λ’διόν
1065 1905 1166 1974 τεκαὶ

164 2001 281 2072 κοινόν
296 2005 446 2093 ἑκατέρῳ.

247 2107 349 2169 ΠΡΩ.
381 2107 526 2168 Κείσθω.

248 2204 322 2265 252.
359 2196 407 2266 Τά
424 2197 485 2282 μέν
503 2194 543 2284 δή
556 2194 601 2283 μή
614 2193 657 2262 δι’
671 2193 797 2292 ἀμφοῖν
809 2195 902 2265 ἰόντα
914 2196 973 2266 ἐάν
983 2195 1045 2283 τήν
1056 2194 1168 2284 ψυχήν

163 2296 260 2383 ἡμῶν
271 2304 388 2383 φάμεν
399 2296 598 2382 λανθάνειν,
621 2293 662 2364 τά
674 2298 710 2363 δὲ
721 2293 765 2363 δι’
778 2292 902 2382 ἀμφοῖν
914 2295 957 2384 μή
969 2294 1167 2383 λανθάνειν,

165 2389 219 2479 ἀφ’
232 2393 399 2480 ὀρθότατα
411 2399 569 2484 ἐροῦμενς

124 2513 146 2564 Ε
249 2501 350 2561 Hm.
381 2494 604 2581 Πάςγάροῦς

248 2596 323 2657 Σόδ,
358 2589 402 2658 Τδ
426 2600 542 2661 τοίνυν
564 2595 738 2679 λεληθέναι
763 2597 919 2680 μηδαμῶς
936 2588 1107 2681 ὑπολάβῃς
1124 2590 1169 2673 ὥς

163 2692 247 2770 λέγω
264 2688 371 2773 λήθης
382 2690 530 2757 ἐνταῦθά
541 2713 608 2756 που
620 2692 765 2774 γένεσιν·
782 2695 851 2757 ἔστι
863 2687 926 2773 γάρ
939 2689 1027 2776 λήθη
1039 2690 1170 2777 μνήμης

162 2787 286 2862 ἔξοδος·
308 2783 330 2871 ή
353 2785 384 2853 δ’
402 2789 501 2875 ἐντῷ
518 2792 682 2875 λεγομένῳ
702 2797 767 2856 νῦν
784 2787 879 2856 οόπω
895 2792 1026 2874 γέγονε·
1047 2796 1110 2855 τοῦ
1126 2787 1167 2875 δή

162 2879 242 2966 μήτε
270 2879 366 2961 ὄντος
393 2882 473 2970 μήτε
500 2885 677 2970 γεγονότος
699 2910 750 2954 πω
771 2893 945 2972 γίγνεσθαι
966 2884 1073 2971 φάναι
1093 2883 1169 2955 τινά

162 2977 334 3067 ἀποβολήν
343 2979 485 3049 άτοπον·
506 2975 619 3069 ήμάρ;

246 3087 348 3149 ΠΡΩ.
385 3087 427 3150 Τί
434 3082 518 3169 μήν;

247 3186 321 3248 ΣΩ.
360 3180 408 3249 Τά
418 3188 534 3250 τοίνυν
545 3181 693 3269 ὀνόματα
704 3183 866 3270 μετάβαλε
878 3184 993 3269 μόνον.

246 3285 346 3346 ΠΡόζ.
377 3286 470 3360 Ποῐςς

247 3381 319 3443 ΣΩ,
350 3375 435 3445 Ἀντλ
445 3380 507 3465 μὲν
517 3389 579 3449 τοῦ
589 3384 765 3469 λεληθέναι
776 3379 836 3467 τήν
847 3382 973 3467 φυχήν,
985 3378 1067 3449 ὅταν
1078 3378 1164 3448 άπα-
