2408 3780
74 177 94 230 3
394 178 726 238 ΛΑΚΙΒΙΑΔΗΣ.
1008 179 1071 245 273

66 336 132 424 γάρ
150 365 222 426 μοι,
245 348 279 407 εί
290 348 338 417 τίς
354 361 406 406 σοι
425 346 512 406 είποι
527 343 635 405 θεοῖν·
659 329 905 425 ὦἈλκιβιοίδη,
929 339 1071 424 πότερον

67 437 183 524 βούλει
194 444 254 525 ζῇν
270 433 387 524 ἐχωνίὶ
403 442 470 505 νῦν
486 441 585 522 ἔχεις,
607 431 630 523 ἦ
647 435 764 505 αὐτίκα
781 436 959 524 τεθνάναι,
981 444 1012 506 εί
1025 440 1070 527 μή

68 555 122 603 σοι
139 539 264 615 ἐξέσται
281 541 378 621 μείζω
395 535 600 621 κτήσασθαις
624 539 731 614 δοκεῖς
740 534 784 603 ἄν
798 562 854 623 μοι
866 539 1000 604 ἑλέσθαι
1017 563 1071 604 τε-

66 634 209 702 θνάναι·
224 632 307 702 ἄλλα
320 640 385 702 νῦν
396 635 448 701 ἐπί
461 640 526 701 τίνι
538 633 579 718 δή
590 656 669 701 ποτε
678 636 784 701 ἐλπίδι
793 639 857 722 ζῇς,
865 633 928 719 ἐμοὶ
939 635 1067 719 φράσω.

68 729 155 818 ἡγεῖ,
177 730 237 800 έίιν
252 739 378 801 θᾶττον
397 738 443 811 είς
459 732 518 799 τὸν
530 729 720 818 Ἀθηναίων
731 736 837 819 δῆμον
848 735 1067 821 παρέλθῃς-

68 838 167 898 τοῦτο
180 831 215 899 66
232 836 371 899 ἔσεσθαι
381 829 470 917 μάλα
488 829 610 913 ὀλίγων
618 826 754 916 ἡμερῶν
766 871 804 882 -
814 828 995 913 παρελθών
1007 822 1071 898 οὖν
1102 841 1123 891 Β

67 927 287 1047 ἐνιμξεσθαί
283 924 508 1014 Αθηναίοις,“
488 953 539 994 οτι
550 924 640 1007 αξιος
650 925 681 995 εί
688 926 881 1013 τιμᾶσθαι
860 955 904 1008 ως
914 928 991 996 οὔτε
1002 936 1070 996 Πε-

68 1051 130 1111 ρικ
134 1054 183 1129 μς
205 1050 266 1092 ουι
293 1034 393 1105 αλλος
410 1025 519 1105 οὐθεις
540 1032 609 1093 τῶν
630 1024 762 1094 ποέποπε
783 1053 991 1115 γενομενων,
1015 1029 1070 1096 καὶ

66 1132 165 1191 ιοῦίο
178 1125 403 1212 ἐνδειξαμενος
413 1130 568 1212 μέγιστον
579 1124 784 1212 δυνησεσθαι
795 1130 832 1195 έν
841 1152 881 1215 πῃ
870 1128 998 1212 πόλει,
1011 1123 1069 1195 ἐὰν

67 1221 100 1289 6’
119 1223 243 1290 ἐνθάθε
263 1216 454 1309 μέγιστος
430 1250 470 1313 ης
477 1275 486 1308 ,
508 1225 564 1293 καί
582 1228 619 1292 ἐν
636 1239 702 1305 τοῖς
718 1224 830 1304 ἄλλοις
841 1224 992 1314 Ἕλλησι,
1014 1229 1068 1295 καὶ

67 1322 109 1391 οὐ
120 1324 227 1410 μόνον
238 1329 274 1393 ἐν
290 1322 461 1412 Ἕλλησιν,
483 1323 567 1395 αλλοὶ
579 1330 635 1394 καί
646 1329 683 1395 ἐν
693 1342 760 1405 τοις
771 1327 970 1414 βαρβάροις,
995 1325 1068 1393 ὅσοι

66 1431 155 1497 ἐν
113 1454 154 1516 πη
171 1424 257 1546 αὐτῇ
271 1423 352 1515 ἡμῖν
369 1433 522 1497 οἰκοῦσιν
538 1426 672 1516 ἠπείρῳ.
705 1429 810 1496 καίί
779 1432 810 1495 εί
825 1420 871 1494 αὖ
888 1446 941 1494 σοι
951 1427 1066 1494 είποιο

67 1523 167 1604 αὐτὸς
178 1551 275 1604 ουτος
284 1524 396 1605 θεός“
376 1551 427 1593 οτι
438 1522 547 1592 αὐτοῦ
557 1543 595 1592 σε
606 1523 883 1592 δείόυναστεύειν
894 1527 931 1592 ἐν
943 1549 983 1612 πμ
969 1520 1069 1591 Εὐ·-

66 1623 176 1710 ροέπῃ,
201 1627 356 1708 διαβηναι
371 1621 441 1690 6
425 1626 471 1701 ς
487 1647 549 1707 την
562 1619 675 1689 Ἀσίαν
697 1619 759 1689 οὐκ
777 1623 902 1701 ἐξέσται
920 1641 971 1688 σοι
990 1617 1065 1688 066'
1102 1636 1121 1686 0

67 1721 246 1788 ἐπιθεσθαι
265 1733 333 1798 τοῖς
354 1722 425 1789 ἐκεῖ
442 1718 651 1806 πράγμασιν,
676 1715 739 1787 οὐκ
756 1746 800 1785 αν
821 1711 867 1785 αὖ
881 1744 938 1804 μοι
962 1722 1070 1796 δοαεις

66 1821 196 1887 ἐθέλειν
210 1816 283 1886 066'
298 1821 350 1886 ἐπὶ
359 1819 490 1898 τούτοις
500 1818 616 1904 μόνοις
627 1824 702 1906 ζῇν,
723 1824 753 1885 εί
767 1816 811 1904 μὴ
824 1817 998 1904 ἐμπλήσεις
1009 1824 1070 1884 τοῦ

66 1924 129 1985 σοῦ
140 1915 302 2003 ὀνόματος
319 1920 374 1986 καὶ
385 1924 442 2004 τῆς
453 1925 513 2004 σῆς
525 1917 698 2003 δυνάμεως
714 1916 856 2004 πάντας,
875 1912 918 1995 ὥς
935 1921 1012 1994 ἐπος
1023 1921 1068 1982 εί-

65 2028 157 2100 πεῖν,
176 2011 395 2099 ἀνθρώπους
418 2015 474 2083 καί
490 2013 584 2100 οἶμαί
597 2034 634 2082 σε
650 2011 737 2100 πλὴν
747 2013 867 2098 Κύρου
878 2015 933 2080 καί
943 2014 1068 2098 Ξέρξου

65 2109 219 2198 ἡγεῖσθαι
230 2110 352 2180 οὐδένα
362 2111 455 2193 ἄξιον
464 2113 567 2198 λόγου
577 2114 758 2198 γενονέναι.
780 2109 903 2197 ὅτιμὲν
914 2102 977 2177 οὖν
988 2115 1069 2196 ἔχεις

65 2209 192 2297 ταύτην
202 2207 264 2295 τὴν
273 2212 406 2294 ἐλπίδα,
420 2202 460 2276 εὖ
472 2208 545 2278 οῖδα
556 2212 612 2277 καὶ
624 2207 687 2277 οὐκ
698 2210 824 2290 είκιίζω.
859 2218 937 2287 ἴσως
947 2203 990 2276 οἲν
1005 2200 1068 2275 οὖν

68 2317 186 2393 είποις,
204 2305 306 2376 ἅτεί
276 2333 291 2374 ε
293 2305 371 2385 ίθοὸς
382 2306 434 2375 ὅτι
451 2305 561 2393 ἀληθῆ
573 2311 673 2393 λέγω·
697 2315 732 2375 τί
741 2305 781 2393 δὴ
793 2299 872 2394 οὖν,
885 2300 1091 2389 οἷΣοίκρα-

64 2430 133 2490 τες,
159 2411 257 2472 τοῦτο
250 2404 346 2471 ’ἐστί
362 2423 414 2471 σοι
430 2403 513 2487 πρὸς
536 2401 677 2490 λόγου“
658 2432 698 2473 ον
714 2408 849 2490 ἔφησθα
864 2407 968 2489 έρειν,
992 2401 1067 2470 δι’“
1048 2431 1066 2470 ο
1096 2408 1117 2456 D

66 2501 196 2591 έμοῦ’
158 2529 219 2571 ουκ
231 2501 520 2589 απαλλαιτει;ἐμώ
532 2503 568 2571 66
579 2511 680 2590 σοίγε
690 2507 765 2590 ἐρῶ,
780 2529 804 2570 ω
793 2494 892 2588 φίλε
904 2508 1068 2569 παλΚλει-

65 2607 140 2670 υίου
152 2601 206 2667 καὶ
216 2599 433 2687 Δεινομαχης.
461 2600 590 2669 τούτων
601 2601 666 2687 γάρ
677 2622 730 2669 σοι
747 2598 903 2669 ἁπάντων
913 2626 981 2667 τιον
994 2603 1067 2666 δια-

64 2724 242 2783 νοηματων
254 2698 347 2777 τέλος
370 2697 604 2785 έπιιεθῆναι”
581 2725 665 2767 ανευ
687 2701 771 2786 ἐμοῦ
795 2697 977 2767 ἀδύνατον
1010 2724 1068 2765 πο-

63 2797 192 2882 σαύτην
209 2795 275 2880 ἐγὼ
289 2795 435 2880 δύναμιν
447 2792 536 2880 οίμαι
554 2797 684 2880 ἐχεινί
653 2819 668 2861 ε
682 2791 749 2873 ςτοὶ
767 2792 809 2862 σα
825 2819 1001 2883 πραγμαπα
1012 2797 1067 2863 καὶ

64 2899 111 2972 είς
123 2896 175 2961 σε’·
200 2891 252 2962 διὸ
265 2890 305 2979 δὴ
319 2920 374 2960 και
362 2891 486 2960 πάλαι
498 2897 612 2979 οἴομαί
626 2918 666 2979 με
680 2889 741 2960 πὸν
751 2890 837 2962 θεὸν
848 2890 909 2962 οὐκ
921 2896 983 2983 ἐαν
994 2898 1067 2961 θια-

63 2996 222 3079 λέγεσθαί
233 3011 303 3078 σοι,
325 2988 365 3059 ὃν
382 2989 446 3077 ἐγώ
463 2987 690 3078 περιέμενον
674 2998 776 3077 οπηνί
773 3018 816 3059 αα
761 2989 923 3059 ίέιῖσει.
954 2989 1120 3127 σ’έσπερΕ

63 3088 127 3177 μὰρ
140 3111 182 3157 συ
170 3088 324 3168 ἐλπίδας
334 3094 415 3176 ἔχεις
426 3091 462 3156 ἐν
473 3115 513 3176 τῃ
501 3086 689 3172 Μ’πόλει,
646 3114 734 3156 ουτω
746 3088 836 3174 καγώ
848 3111 938 3175 παρα
925 3088 1001 3155 σοί
1012 3077 1120 3155 ἐλ-Ε

63 3194 143 3269 πίζοι
156 3191 309 3274 μέγιστον
322 3185 526 3275 δυνήσεσθαι
535 3184 803 3273 ἐνθειξοίμενος,”
783 3212 834 3254 on
844 3184 967 3267 παντὸς
978 3185 1068 3267 ἄξιός

64 3292 132 3373 είμί
141 3308 204 3373 σοι,
212 3283 342 3354 παίσαι
340 3282 622 3373 έπιιροποςουπε
634 3282 798 3372 ουγγενης
807 3309 884 3354 ουπε
896 3283 995 3363 ἄλλος
1007 3283 1068 3352 06-

64 3388 130 3463 θεὶς
147 3383 263 3464 ίαανὸς
279 3389 488 3469 παραδοῦναι
504 3383 568 3453 τιὶν
585 3383 731 3470 δύναμιν
743 3375 783 3469 ἧς
795 3386 968 3469 ἐπιθυμεῖς
980 3382 1068 3468 πλὴν

147 3495 238 3548 Ριατο
261 3494 293 3547 11.
879 3494 924 3546 KQ
