2408 3780
457 76 708 186 τοκιιοοκ1
1012 128 1074 193 135

72 288 186 374 λόγος,
207 291 261 355 καὶ
279 290 316 354 ἐν
333 300 403 365 ταῖς
418 283 554 372 ἡδοναῖς
570 299 640 365 ταῖς
660 289 734 372 περὶ
749 285 961 375 τα’φροδίσια,
986 296 1022 357 αἳ
1032 292 1072 378 δη

67 391 218 473 μέγισται
229 389 388 453 δοκοῦσιν
397 382 497 468 εἶναι,
518 386 574 451 καὶ
585 382 623 451 τό
635 387 801 469 ἐπιορκεῖν
812 387 1014 474 συγγνώμην
1026 397 1073 457 εἴ·

33 544 40 555 .
68 492 156 570 ληφε
170 481 260 569 παρὰ
269 490 379 566 θεῶν,
404 479 448 562 ὡς
458 482 613 567 καθάπερ
624 488 753 551 παίδων
764 491 833 551 τῦυ
843 481 977 570 ἡδονῶν
988 492 1073 552 νοῦν

68 580 149 651 οῦδὲ
169 579 230 649 τόν
252 579 419 665 ὀλίγιστον
439 583 665 666 κεκτημένων·
696 588 778 661 νοῦς
800 580 835 648 δὲ
855 580 929 669 ἤτοι
949 580 1071 649 ταύτόν
1092 606 1112 653 ο

67 682 124 748 καλ
143 676 285 764 ἀλήθειά
306 681 395 746 ἐστιν
415 675 584 764 ἢτόντων
609 676 803 765 ὁμοιότατον
825 704 860 746 τε
877 683 931 747 καὶ
948 678 1074 765 ἀληθί-

68 799 199 846 θτᾱτθν.

151 881 227 945 ΣΩ.
263 871 400 943 Οὐκοῦν
415 872 452 942 τό
470 872 550 960 μετὰ
568 883 666 943 τοῦτο
683 874 745 962 τὴν
755 876 949 963 μετριότητα
961 873 1073 943 ὡσαύ-

66 999 132 1053 τως
148 976 283 1059 σκέψαι,
305 972 449 1056 πότερον
464 969 569 1059 ἡδονὴ
582 973 777 1059 φρονήσεως
787 968 809 1059 ἢ
821 973 982 1061 φρόνησις
992 971 1073 1060 ἡδο-

66 1074 418 1157 νῆςπλείωκίκτηταις

151 1173 254 1235 Hm.
286 1165 485 1234 Εῦσκετιτόν
500 1191 538 1251 γε
555 1169 611 1235 καὶ
623 1166 747 1253 ταύτην
758 1169 875 1249 σκέψιν
886 1172 1073 1257 προβέβλη-

66 1291 137 1344 κας.
160 1262 250 1351 οἶμαι
259 1264 324 1351 γὰρ
333 1261 458 1352 ἡδονῆς
467 1266 529 1349 μὲν
540 1267 595 1333 καί
608 1272 814 1351 περιχαρείας
825 1264 924 1334 οῦδὲν
934 1274 1003 1334 τείν
1014 1266 1073 1334 ὅν-

66 1388 136 1431 των
146 1362 297 1449 πεφυκὸς
307 1359 528 1448 ἀμετρότερον
540 1359 650 1447 εὑρεῖν
661 1360 705 1430 όίν
716 1364 924 1449 τινα,νοῦδὲ
936 1367 990 1433 καὶ
1002 1369 1073 1434 ἐκι-

68 1459 193 1547 στημης
203 1460 441 1547 ίμμετρότερον
454 1457 528 1527 οὐδ’
542 1455 586 1527 όίν
598 1461 635 1527 ἕν
646 1483 733 1528 ποτε.

152 1564 227 1626 m.
259 1565 379 1638 Καλοῖς
395 1567 536 1645 εἴρηκας.
570 1556 659 1644 ὅμως
676 1555 707 1625 δ’
725 1564 773 1626 ἔτι
794 1562 868 1643 λέγε
889 1557 926 1626 τό
949 1564 1069 1644 τρίτον.
1090 1586 1111 1633 E

68 1662 151 1735 νοῦς
166 1653 247 1742 ἡμῖν
262 1657 407 1736 κάλλους
423 1663 597 1744 μετείληφε
607 1664 721 1724 πλείου
731 1651 755 1744 ἢ
764 1655 801 1723 τό
813 1664 870 1744 τῆς
878 1654 1003 1744 ἡδονῆς
1013 1660 1070 1742 γε’-

68 1779 144 1840 νος,
157 1752 241 1822 ὥστε
252 1753 336 1823 εἶναι
346 1763 468 1823 καλλίω
479 1762 565 1823 νοῦν
575 1753 712 1843 ἡδονῆς,
725 1751 747 1841 ἦ
758 1753 975 1837 τοῦναντίονς

151 1857 254 1921 Hm.
286 1846 354 1936 Ἆρ’
374 1845 438 1921 οὖν
448 1854 616 1941 φρόνησιν
626 1854 687 1941 μὲν
697 1858 752 1922 καὶ
763 1863 865 1939 νοῦν,
890 1847 1072 1939 όΣοόιιρα-

68 1976 136 2036 τες,
158 1947 266 2029 οὐδεὶς
284 1949 414 2017 κότοτε
432 1949 513 2018 οὔθ’
531 1950 621 2039 ῦιταρ
640 1950 713 2020 οὔτ’
736 1951 819 2037 όναρ
837 1953 975 2040 αίσχρόν
993 1953 1070 2020 οῦτε

69 2045 154 2115 εἶδεν
169 2046 245 2114 οὔτε
260 2048 442 2134 ἐπενόησεν
456 2046 586 2137 οὐδαμῇ
605 2047 758 2137 οὐδαμῶς
775 2049 852 2119 οῦτε
872 2050 1072 2137 γιγνόμενον

68 2143 506 2233 οὕτεόνταοῦτεέσόμενονς

151 2252 227 2315 Σίδ.
256 2243 392 2330 Ὀρθῶς.

150 2349 251 2412 ΠΡΩ.
279 2340 419 2424 Ἡδυυὰς
436 2349 611 2431 δόγέπου,
635 2348 690 2414 καὶ
700 2353 804 2413 ταῦτα
815 2343 934 2430 σχεδόν
944 2343 1003 2423 τὰς
1013 2371 1072 2430 με·

67 2447 195 2528 γίστας,
217 2438 299 2509 ὅταν
315 2445 439 2527 ίδωμεν
456 2440 621 2530 ἡδόμενον
644 2440 817 2527 ὁντινοῦν,
839 2438 862 2529 ἦ
883 2443 920 2510 τὸ
941 2448 1073 2528 γελοῖον

68 2537 119 2607 ἐπ’
138 2538 252 2619 αὐταῖς
266 2534 289 2625 ἢ
305 2538 341 2607 τό
355 2541 491 2608 πόντων
500 2551 669 2628 αἴσχιστον
681 2540 844 2626 ἑπόμενον
855 2537 999 2626 ὁρῶντες
1009 2538 1072 2607 αὐ·
1088 2572 1123 2626 55

67 2642 121 2706 τοί
133 2662 169 2704 τε
185 2637 411 2724 αἰσχυνόμεθα
428 2641 483 2706 καὶ
499 2637 713 2726 ἀφανίζοντες
729 2638 921 2726 κρόιττομεν
932 2637 953 2706 ό
963 2665 994 2706 τι
1005 2639 1071 2724 μοί-
1168 2660 1172 2667 ’

66 2744 176 2819 λιστα,
200 2736 295 2803 νυκτὶ
305 2735 414 2804 πάντα
424 2735 464 2804 τό
475 2744 610 2805 τοιαῦτα
622 2738 783 2821 διδόντες,
802 2733 845 2816 ὦς
856 2745 929 2823 φῶς
940 2734 981 2804 οῦ
993 2739 1070 2804 δίον

67 2828 253 2922 όρᾷναῦτό.

149 2937 224 2999 Σίδ.
258 2931 376 3021 Πόντη
388 2930 428 3019 δη
441 2933 558 3019 φήσεις
563 2984 573 3017 ,
589 2926 826 3020 όΠροίταρχε,
844 2930 912 3001 ὑπό
924 2958 958 3001 τε
970 2930 1069 3016 ἄγγέ·

64 3035 134 3096 λων
151 3032 289 3115 κε’μιιων
306 3033 362 3098 καί
379 3039 523 3117 παροῦσι
540 3032 689 3118 φράζων,
713 3030 757 3112 ὥς
772 3028 875 3118 ἡδονὴ
888 3036 994 3117 κτῆμα
1006 3025 1068 3094 οῦκ
1123 3080 1129 3117 .·

65 3128 133 3193 ἔστι
144 3132 278 3211 πρῶτον
289 3124 352 3193 οῦδ
356 3123 365 3151 ’
377 3120 422 3193 αὖ
434 3127 606 3215 δεύτερον,
629 3126 712 3196 οίλλά
722 3136 855 3213 πρῶτον
866 3130 927 3213 μέν
937 3148 984 3214 τη
995 3106 1139 3520 υἷϊ

64 3221 186 3308 μέτρον
202 3224 257 3290 καὶ
274 3220 311 3290 τό
322 3227 456 3309 μέτριον
468 3226 523 3291 καὶ
533 3232 680 3309 καίριον,
701 3227 757 3290 καί
769 3218 1027 3306 κόνταόττόσαχ
1059 3226 1063 3233 “

63 3324 200 3386 τοιαῦτα
211 3324 370 3406 νομίζειν,
384 3318 447 3406 τὴν
457 3319 566 3389 ἀίδιον
577 3327 731 3407 εἰρῆσθαι
741 3321 855 3407 φῦσιν.
