2408 3780
64 169 100 225 31
416 153 734 217 ΣΥΜΠΟΣΙΟΝ.
1013 157 1075 221 169

62 349 123 389 ται
135 319 242 387 πάντα
253 317 293 386 τά
306 323 386 398 ζωας
399 314 480 384 άλλά
492 315 554 401 τῆν
565 323 632 384 τῶν
644 325 769 402 τεχνῶν
781 322 1000 403 δημιουργίαν
1011 317 1074 385 οὐκ

64 431 182 504 ἔσμεν,
205 417 257 486 ότι
274 409 317 484 οὗ
334 417 395 501 μὲν
414 411 457 482 άν
475 410 492 482 ὁ
510 411 591 494 θεὸς
609 408 706 494 οὗτος
724 417 921 495 διδάσκαλος
931 418 1074 502 γένηται,

66 517 242 603 ἐλλόγιμος
253 517 307 584 καλ
318 515 425 601 φανός
437 513 558 632 άιιίβη,
580 541 622 583 ου
610 507 702 582 δ
680 542 723 583 αν
726 514 830 601 Ἐρως
840 543 884 602 μη
874 514 1074 602 ἐφάψηται,

66 617 257 694 σκοτεινός;
285 614 418 700 τοξικῆυ
440 639 478 699 γε
500 610 568 699 μῆν
589 615 644 682 καὶ
666 612 817 700 ίατρικῆν
837 617 892 681 καὶ
913 612 1077 701 μαυτικῆυ

62 699 274 783 Ἀπόλλων’
255 720 398 796 οινεῦρεν
414 715 594 797 εἰινθυμίας
609 714 664 779 καλ
685 718 805 794 ἔρωτος
828 709 1077 797 ἡγεμονεύσαν-

68 840 144 898 τος,
157 810 240 880 άστε
250 803 358 879 καλ
315 838 413 890 ουτος
421 807 598 898 ’Ἐρωτος
576 805 619 877 όιυ
630 818 679 896 εῖή
692 810 861 895 μαθητής,
873 813 928 877 καλ
938 816 1078 877 Μοῦσαι
1093 822 1113 870 Β

70 918 235 1000 μουσικῆς
251 912 306 980 καὶ
314 909 498 996 Ἥφαιστος
514 914 665 996 χαλκείας
681 905 752 976 κάλ’
746 914 903 994 Αθηυάί
902 918 1077 994 στονργίας

69 1011 127 1081 καὶ
138 1009 221 1088 Ζευς
232 1009 564 1097 κυβερνῆσεωςθειόυ
575 1034 609 1075 τε
626 1010 682 1075 καὶ
699 1005 899 1091 άνθράιιων.
934 1007 1019 1077 ὅθεν
1036 1002 1076 1095 δῆ

67 1111 129 1177 καὶ
148 1108 396 1195 κατεσκευάσθη
415 1115 586 1175 τοῐνθεων
597 1103 637 1175 τά
648 1106 971 1192 ιιράγματαἘρωτος
983 1112 1075 1193 ἐγγε-

68 1216 234 1296 νομένου,
259 1213 361 1295 δῆλον
378 1207 429 1276 ὅτι
444 1207 602 1285 κάλλους·
625 1215 728 1291 αίσχει
744 1205 809 1291 γάρ
821 1205 883 1275 οὐκ
894 1213 944 1276 ἔνι
954 1207 1074 1292 Ἔρως·

69 1307 138 1391 πρό
150 1314 210 1375 τοῦ
221 1311 273 1394 δέ,
293 1305 404 1388 ὥσπερ
418 1312 455 1375 ἐν
467 1305 550 1394 άρχῆ
564 1303 673 1388 εἷπον,
697 1305 801 1372 πολλά
814 1308 869 1375 καὶ
880 1307 973 1374 δεινοὶ
985 1316 1076 1386 θεοῖς

68 1410 236 1492 ἐγίγνετο,
260 1402 304 1484 ὡς
325 1411 467 1491 λέγεται,
491 1403 545 1473 διά
568 1402 629 1490 τῆν
646 1410 703 1489 τῆς
715 1400 873 1490 Ἀνάγκης
890 1413 1074 1490 βασιλείαν·

69 1502 183 1590 ἐπειδὴ
197 1503 228 1572 δ’
241 1502 350 1583 ὁθεὸς
360 1494 458 1582 οὗτος
470 1509 551 1589 ἒφυ,
564 1507 600 1570 ἐκ
611 1508 671 1568 τοῦ
683 1504 764 1588 ἐρῆυ
774 1509 841 1568 τῶν
853 1510 966 1570 καλῶν
977 1503 1076 1570 πάντ’

66 1600 185 1690 άγαθὰ
196 1606 311 1688 γέγονε
323 1606 376 1670 καλ
386 1613 479 1681 θεοῖς
488 1604 542 1669 καλ
553 1601 754 1684 ἀνθρώποις.
777 1599 882 1680 οὕτως
893 1604 963 1687 ἐμοὶ
975 1606 1073 1682 δοκεῖ,
1094 1617 1113 1668 c

67 1695 97 1771 οδ
112 1705 251 1788 Φαῖδρε,
268 1701 370 1786 ’Ἐρως
381 1708 510 1784 πρῶτος
522 1698 623 1780 αὐτὸς
635 1695 682 1767 όν
693 1700 866 1780 κάλλιστος
878 1704 932 1770 καὶ
943 1701 1075 1785 άριστος

68 1800 152 1883 μετά
162 1808 260 1867 τοῦτο
271 1815 338 1879 τοῖς
349 1800 461 1878 άλλοις
472 1799 584 1868 άλλων
592 1800 752 1867 τοιούτων
763 1809 865 1880 αίτιος
875 1799 966 1869 εἶναι.
979 1805 1075 1887 ἐπίρ-

64 1924 159 1985 χεται
170 1900 208 1967 δέ
217 1905 277 1983 μοί
282 1924 312 1965 τι
321 1901 376 1968 καλ
386 1903 546 1985 ἔμμετρον
556 1904 668 1983 εἰπεῖν,
676 1896 728 1966 ὅτι
736 1889 835 1977 οὗτός
844 1897 958 1968 ἐστινὸ
970 1907 1076 1967 ποιων

157 1998 291 2084 εἰρήνην
302 1998 363 2084 μὲν
373 2002 410 2067 ἐν
421 1997 631 2083 άνθριόιιοις,
643 1999 776 2084 πελάγει
787 1999 825 2067 δὲ
834 2000 983 2085 γαλήνην

156 2104 317 2183 νηνεμίαν
327 2095 475 2183 άνέμων,
488 2103 580 2184 κοίτη
593 2096 625 2164 δ’
638 2096 747 2165 ῧιινον
759 2102 894 2184 νηκηδῆ.

67 2187 172 2274 οὗτος
188 2195 223 2265 δὲ
240 2194 326 2283 ῆμοῖς
344 2195 593 2283 ἀλλοτριότητος
609 2195 670 2282 μὲν
688 2212 796 2283 κενοῖ,
822 2198 1019 2283 οἰκειότητος
1038 2195 1073 2264 δὲ
1092 2210 1114 2258 1>

68 2303 207 2380 πληροῖ,
219 2294 278 2374 τάς
288 2294 420 2363 τοιάσδε
432 2295 595 2374 ξυνόδους
606 2294 677 2379 μετ’
691 2293 844 2381 άλλῆλων
855 2295 962 2373 πάσας
975 2297 1078 2373 τιθεὶς

68 2395 233 2475 ξυνιέναι,
256 2396 292 2461 ἐν
311 2394 452 2479 ἑορταῖς,
475 2398 512 2461 ἐν
529 2405 654 2478 χοροῖς,
678 2394 715 2460 ἐν
731 2401 865 2470 θυσίαις
883 2392 1080 2477 γιγνόμενος

67 2488 218 2580 ῆγεμάν·
242 2492 411 2579 πραότητα
425 2491 486 2579 μὲν
496 2495 654 2578 ιιοριξων,
677 2488 854 2576 ἀγριότητα
866 2488 898 2558 δ’
910 2494 1077 2574 ἐξορίζων·

70 2589 261 2677 φιλόδωρος
282 2592 465 2679 εὐμενείας,
490 2591 619 2675 άδωρος
641 2595 850 2678 δυσμενείας·
877 2593 972 2667 ἵλεως
994 2587 1079 2674 άγα-

69 2701 165 2774 θοῖς,
187 2689 308 2770 θεατὰς
325 2705 458 2777 σοφοῖς,
482 2687 624 2776 άγαστὸς
634 2700 742 2768 θεοῖς·
766 2686 905 2775 ζηλωτός
918 2687 1077 2774 άμοίροις,

70 2786 190 2876 κτητὸς
203 2787 384 2875 εὐμοίροις·
405 2797 550 2876 τρυφῆς,
569 2787 767 2876 ἁβρότητος,
785 2793 912 2875 χλιδῆς,
923 2792 1077 2876 χαρίτων,

70 2890 207 2974 ίμίρου,
219 2887 332 2957 ιιόθου
343 2889 465 2977 αατῆρ·
488 2885 806 2976 ἐιιιμελῆςάγαθολυ,
818 2886 1077 2976 άμελῆςκακιιν·
1185 2902 1188 2909 “

71 2991 111 3054 εὐ
122 2986 229 3076 πόνῳ,
254 2990 292 3055 εὐ
302 2988 416 3077 φόβῳ,
438 2988 599 3076 ίυιιόθςο,
620 2990 658 3056 ἐν
671 2988 990 3076 λόγῳκυβερνῆτης,
1007 2989 1117 3053 ἐπει·

71 3085 191 3174 βάτης,
212 3087 419 3174 παραστάτης
428 3112 464 3155 τε
474 3089 528 3155 καὶ
539 3086 649 3172 σωτῆρ
661 3085 809 3170 άριστος,
833 3084 1032 3171 ξυμπάντων
1043 3108 1080 3150 τε

73 3192 169 3254 θεῶν
179 3188 234 3254 κοιλ
245 3184 439 3275 ἀνθράκων
449 3185 588 3271 κόσμος,
610 3180 744 3270 ῆγεμδυ
754 3183 928 3262 κάλλιστος
938 3184 993 3250 καλ
1004 3181 1079 3266 ἄρι-

72 3306 166 3368 στος,
190 3277 295 3374 ᾦχρῆ
315 3285 455 3353 ἔσεσθαι
479 3284 587 3354 πάντα
609 3282 716 3367 ἄνδρα
735 3285 950 3368 ἐφυμνοῦντα
971 3287 1080 3359 καλῶς
1180 3312 1183 3317 ·

32 3435 39 3444 -
72 3391 176 3469 καλῆς
193 3380 280 3472 ᾠδῆς
298 3385 489 3469 μετέχοντα,
511 3379 555 3468 ῆν
571 3379 786 3472 ᾅδειθέλγων
797 3380 931 3448 πάντων
942 3385 1088 3447 &sewu
