2408 3780
148 178 211 240 340
349 182 676 240 ΑΛΚΙΒΙΑΔΗΣ
696 180 965 239 ΔΕΤΤΕΡΟΣ.
1130 190 1165 245 70

149 352 290 409 πτεσδαι
304 339 326 409 ὁ
335 367 366 409 τι
377 340 518 426 μάλιστα
530 339 591 427 τὴν
603 338 708 407 αὑτοῦ
718 345 858 424 σοφίαν,
870 337 1052 433 ὑπερφυῶς
1065 338 1108 425 δὴ
1125 339 1163 407 τὸ

148 448 256 525 χρῆμα
277 436 320 519 ὡς
339 439 554 524 δύσγνωστον
571 445 740 524 φαίνεται,
762 436 782 504 ὁ
799 444 833 505 τί
841 462 919 506 ποτε
930 446 1070 506 νοοῦσιν
1082 439 1162 507 ἕνα

149 558 225 617 στος
241 536 363 605 αὐτῶν.
386 534 428 602 οῦ
445 533 509 622 γὰρ
529 536 638 623 δήπου
652 534 801 623 Ὅμηρόν
817 563 855 621 γε
866 535 925 605 τὸν
937 536 1117 605 θειότατόν
1128 563 1162 605 τε

152 640 207 704 καὶ
220 636 418 722 σοφώτατον
429 633 569 720 ποιητὴν
582 631 717 720 ἀγνοεῖν
728 638 845 718 δοκεῖς,
859 627 902 713 οὸς
912 632 974 720 οὐχ
987 629 1061 702 οἶόν
1072 661 1108 703 τε
1119 629 1163 722 ἦν

153 737 350 803 ἐπίστασθαι
367 742 493 812 κακοῖς·
519 734 644 811 ἐκεῖνος
660 732 724 817 γάρ
737 735 826 800 ἐστιν
837 729 855 799 ὁ
867 737 973 818 λέγων
985 730 1048 800 τὸν
1059 741 1162 820 Μαρ-

151 839 248 920 γίτην
271 830 378 901 πολλοὶ
400 833 461 918 μὲν
483 836 696 914 ἐπίστασθαι,
725 838 834 909 κακῶς
857 833 909 917 δέ,
932 837 1030 918 φησί,
1053 831 1162 900 πάντα

112 948 133 998 l)
152 928 326 1016 ἠπίστατο·
339 927 413 998 ἀλλ’
427 936 617 1013 αἰνίττεται,
637 926 743 1014 οἶμαι,
756 930 917 1015 παράγων
927 926 964 996 τὸ
977 938 1088 1008 κακῶς
1103 929 1163 1016 μὲν

152 1027 225 1096 άντὶ
247 1039 309 1096 τοῦ
332 1035 455 1116 κακοῦ,
482 1027 517 1096 τὸ
541 1030 577 1095 δέ
598 1025 756 1112 η’πίστατο
779 1024 852 1095 άντλ
868 1033 929 1095 τοῦ
948 1030 1161 1096 ἐπίστασθαι·

68 1153 71 1156 “
152 1136 299 1214 γίγνεται
316 1121 380 1195 οὖν
397 1127 561 1195 συντεθὲν
579 1129 639 1206 ἔξω
655 1124 717 1211 μὲν
729 1131 791 1193 τοῦ
802 1129 941 1213 μέτρου,
966 1125 1079 1195 ἔστιδ’
1093 1127 1160 1215 ὁγε

153 1225 323 1312 βούλεταί,
342 1223 385 1304 ὡς
396 1223 501 1294 πολλὰ
513 1223 574 1311 μὲν
585 1222 743 1312 ἠπίστατο
756 1230 851 1311 ἔργα,
871 1222 975 1292 κακὸυ
986 1226 1022 1294 δὲ
1034 1219 1078 1312 ἦν
1091 1229 1162 1295 ἐπέ-

153 1333 296 1392 στασθαι
307 1320 399 1414 αὐτῷ
409 1323 519 1391 πάντα
529 1330 641 1389 ταῦτα.
663 1326 766 1409 δῆλον
777 1314 840 1389 οὖν
851 1321 902 1390 δτι
914 1332 1005 1410 εἴπερ
1016 1316 1059 1411 ἦν
1070 1321 1161 1416 αὐτῷ

36 1449 39 1452 ’
151 1420 301 1490 κακὸντὸ
315 1420 421 1492 πολλοὶ
432 1425 570 1506 εἰδέναι,
593 1421 723 1506 φαῦλός
733 1445 782 1499 τις
793 1415 842 1487 οδν
853 1420 1045 1509 ἐτύγχανεν,
1069 1433 1160 1509 εἴπερ

150 1546 188 1607 γε
200 1524 366 1588 πιστεύειν
379 1526 505 1601 δελτοῑς
516 1523 765 1608 προειρημένοις
776 1520 895 1604 λόγοις.

115 1631 134 1680 ε
237 1626 307 1687 ΑΛ.
340 1617 425 1688 Ἀλλ’
439 1621 510 1706 ἐμοὶ
520 1619 581 1708 μὲν
593 1624 700 1703 δοκεῖ,
723 1610 951 1703 άΣάκρατες·
974 1615 1161 1707 ἧχαλεπῦς

150 1713 183 1801 γ’
198 1712 241 1783 δν
253 1717 364 1796 ἄλλοις
374 1722 438 1788 τισὶ
449 1719 660 1803 πιστεύσαιμι
672 1718 800 1803 λόγοις,
825 1727 916 1802 εἴπερ
927 1717 1009 1805 μηδὲ
1018 1720 1158 1799 τούτοις.

234 1822 308 1884 Σέλ.
341 1819 408 1886 Καὶ
419 1815 530 1902 ὀρθῶς
538 1823 577 1903 γέ
587 1837 640 1885 σοι
652 1823 751 1884 δοκεῖ.

236 1923 306 1983 ΑΛ.
338 1915 448 1984 Πάλιν
460 1909 503 1984 αὖ
515 1942 571 2003 μοι
582 1921 680 1987 δοκεῖ.

235 2023 286 2083 xl.
329 2022 403 2083 Σέλ.
432 2013 530 2084 Ἀλλὸ
550 2021 630 2101 φέρε
648 2016 730 2098 πρὸς
748 2015 847 2095 Διός·
870 2014 952 2106 ὁρᾷς
968 2015 1032 2104 γάρ
1051 2016 1160 2103 δήπου

150 2112 213 2201 τὴν
223 2113 366 2198 ἀπορίαν
382 2112 444 2200 ὁση
462 2140 497 2182 τε
515 2116 570 2183 καὶ
588 2119 657 2184 οἵα·
678 2115 799 2202 ταύτης
811 2113 851 2202 δὴ
863 2117 919 2184 καλ
932 2115 976 2183 σά
986 2142 1043 2202 μοι
1053 2119 1161 2194 δοκεῖς

151 2218 444 2300 κεκοινωνηκέναι·
468 2214 754 2302 μεταβαλλόμευός
775 2217 815 2300 γέ
832 2240 883 2283 τοι
906 2214 976 2285 άυω
997 2217 1052 2284 καὶ
1072 2215 1160 2283 κάτω

152 2310 228 2381 οὐδ’
241 2311 355 2381 ὁτιοῦν
365 2312 480 2398 παύει,
503 2311 576 2381 ἄλλ’
595 2313 658 2383 ὁτι
669 2309 712 2381 άν
723 2313 865 2399 μάλιστά
878 2333 931 2383 σοι
942 2316 1037 2403 δόξῃ,
1061 2321 1160 2383 τοῦτο

85 2428 135 2482 148
150 2416 204 2482 καὶ
221 2417 431 2481 ἐκδεδυκέναι
443 2406 487 2482 αὖ
503 2411 684 2487 καλοῦκέτι
697 2411 855 2493 ὁσαάτως
867 2418 987 2482 δοκεῖν.
1032 2419 1064 2480 εέ
1096 2407 1161 2482 οὖν

153 2520 208 2580 σοι’
225 2511 255 2598 γ’
279 2518 325 2581 ἔτι
341 2515 397 2581 καὶ
415 2521 479 2582 νῦν
497 2510 647 2602 ἐμφανὴς
663 2512 843 2601 γενόμενος
860 2511 878 2581 ὁ
897 2514 995 2600 θεός,
1018 2511 1102 2599 πρὸς
1122 2509 1161 2580 ὁν

152 2612 323 2698 τυγχάνεις
333 2614 568 2702 πορευόμενος,
581 2613 765 2701 ἐρωτήσειε,
780 2614 859 2700 πρὶν
872 2610 988 2681 ὁτιοῦν
1000 2610 1164 2692 εὔξασθαί

153 2732 206 2796 σε,
228 2718 257 2780 ελ
279 2714 444 2799 ἐξαρκέσει
465 2734 518 2781 σοι
539 2717 677 2782 ἐκείνων
693 2739 725 2781 τι
741 2714 900 2797 γενέσθαι
919 2705 1031 2798 οὸυπερ
1048 2713 1105 2780 καὶ
1126 2715 1162 2779 ἐν

152 2809 236 2899 άρχῇ
248 2813 388 2899 ἐλέγετο,
401 2821 466 2882 εἴτε
477 2810 566 2901 αὐτῷ
580 2832 633 2879 σοι
643 2815 846 2896 ἐπιτρέψειεν
858 2811 1029 2898 εὔξασθαι,
1041 2818 1076 2880 τί
1083 2807 1158 2878 ποτ’

153 2906 196 2977 άν
207 2919 269 2979 ολει
281 2906 304 2997 ἢ
316 2919 383 2978 των
401 2908 478 2994 παρ’
499 2914 629 2979 ἐκείνου
640 2914 824 2998 διδομένων
833 2908 1016 3000 λαμβάνων
1026 2904 1049 2997 ἢ
1061 2906 1162 2987 αὐτὸς

152 3007 333 3096 εὐξάμενος
340 3011 499 3095 γενέσθαι
510 3019 572 3080 τοῦ
583 3019 703 3098 καιροῦ
715 3026 842 3098 τνχεῑυ;

234 3115 305 3177 ΑΛ.
333 3105 430 3179 Ἀλλοὶ
446 3109 492 3197 μδ
508 3109 716 3199 τοὸςθεοός,
739 3110 804 3197 ἐγώ
815 3110 877 3197 μὲν
888 3107 995 3179 οὐδέν
1005 3104 1050 3177 ἄν
1059 3111 1165 3196 ἔχοιμί

152 3229 205 3277 σοι
216 3212 336 3293 εἰπεῖν,
351 3202 581 3299 άΣάκρατες,
593 3209 714 3289 οὕτως·
727 3207 811 3278 άλλοὶ
822 3209 953 3298 μάργον
962 3216 996 3279 τί
1004 3235 1060 3297 μοι
1072 3213 1165 3277 δοκεῖ

113 3323 135 3372 Β
154 3305 238 3374 εἶναι
243 3357 253 3391 ,
265 3308 321 3376 καὶ
333 3304 377 3386 ὁς
385 3305 521 3396 άληθῶς
532 3317 654 3397 πολλῆς
666 3317 834 3396 φυλακῆς,
853 3309 945 3390 ὅπως
954 3306 998 3396 μὴ
1010 3307 1105 3395 λη’σει
1115 3332 1163 3386 τις

61 3454 65 3499 ξ
135 3400 251 3470 αάτόν
271 3403 458 3498 εάγόμενος
478 3409 543 3500 μὲν
560 3407 665 3498 κακά,
687 3406 1036 3496 δοκῦνδέτὸάγαθά,
1060 3403 1161 3476 ἔπειτ’
