2408 3780
153 187 194 250 48
508 185 796 246 ΠΛΑΤΩΝΟΣ

158 345 217 434 χρη
231 350 445 415 πεπονθέναι.
472 344 716 433 Λέγωμενγάρ.
742 343 924 430 ’Ἁλλαμην
936 367 1002 411 πον
1015 340 1157 409 δεῑαότὰ

156 443 256 511 εἶναι·
276 451 307 514 εἰ
322 443 386 531 γὰρ
404 445 487 532 μηδὲ
503 442 586 512 ὄλλα
604 445 708 526 ἐστίν,
731 441 795 510 οὐκ
811 437 856 509 ὄν
872 444 947 524 περὶ
963 449 1031 509 των
1047 440 1159 509 ὄλλων

154 546 290 629 λέγοιτο.
325 543 450 623 Οὕτως.
484 547 528 610 Εἰ
537 544 573 609 δὲ
584 543 658 625 περὶ
674 548 743 608 τῶν
760 539 873 610 ἄλλων
889 537 906 607 ό
924 538 1038 624 λόγος,
1062 539 1102 606 τοὶ
1121 564 1158 624 γε

155 641 238 710 ὄλλα
257 643 352 729 ἕτεροί
370 645 468 710 ἐστιν.
492 636 515 727 ἢ
532 638 594 708 οὐκ
613 642 664 709 ἐπὶ
680 648 726 730 τῷ
745 637 837 730 αὐτῷ
851 647 961 717 καλεῖς
976 638 1014 705 τό
1032 663 1065 704 τε
1077 636 1159 704 ὄλλο

120 752 139 802 0
156 743 211 809 καὶ
221 740 258 810 τό
272 743 401 826 ἕτερον,
425 738 561 825 Ἔγωγε.
585 737 721 822 Ἕτερον
738 740 776 806 δέ
790 740 831 824 γέ
839 737 906 806 πού
918 762 1029 824 φαμεν
1038 735 1075 805 τό
1088 737 1159 803 ὄτε-

156 866 217 922 ρον
228 839 312 908 εἰναι
328 842 457 923 ἑτέρον,
479 839 534 906 καὶ
550 833 586 905 τό
599 835 679 904 ὄλλο
691 835 731 922 δὴ
744 835 826 904 ὄλλο
839 835 923 904 εἶναι
936 836 1057 916 ἄλλους
1079 843 1157 903 Ναί.

155 940 221 1006 Καὶ
231 952 298 1016 τοῖς
309 936 420 1014 ἄλλοις
432 935 514 1019 ὄρα,
529 943 559 1003 εἰ
567 940 677 1021 μέλλει
688 933 771 1002 ὄλλα
784 933 887 1020 εἶναι,
900 941 968 1003 ἔστι
978 962 1010 1003 τι
1021 927 1065 1004 οὖ
1075 934 1159 1003 ἄλλα

122 1107 126 1117 ,
156 1041 254 1103 ἔσται.
283 1033 432 1119 Ἀνάγκη.
469 1039 511 1100 Τι’
519 1031 558 1119 δὴ
574 1025 638 1101 οὖν
648 1031 690 1099 ὄν
700 1042 766 1119 εἴης
790 1040 850 1101 τοῦ
862 1033 923 1119 μὲν
932 1033 999 1120 γὰρ
1010 1034 1084 1112 ἑνός
1097 1031 1159 1101 οὐκ

157 1139 247 1202 ἔσται
263 1130 363 1218 ἄλλα,
385 1132 429 1218 μη
447 1131 544 1211 ὄντος
559 1158 606 1219 γε.
641 1133 694 1200 Οὐ
710 1132 784 1217 γάρ.
814 1131 982 1219 Ἀλλήλων
999 1131 1065 1216 ὄρα
1076 1135 1159 1199 ἐστι’·

155 1239 254 1300 τοῦτο
268 1229 334 1317 γὰρ
356 1228 467 1309 αὐτοῖς
487 1234 534 1298 ἔτι
554 1236 716 1314 λείπεται,
735 1226 758 1317 ἢ
775 1229 917 1316 μηδενός
936 1231 1020 1299 εἶναι
1038 1231 1159 1309 ἄλλοις.

153 1329 290 1415 Ὀρθῶς.
329 1329 423 1396 Κατὰ
445 1327 557 1414 πλήθη
580 1325 635 1414 ἄρ’
660 1331 780 1397 ἕκαστα
803 1328 956 1416 ἀλλήλων
977 1328 1062 1396 ὄλλα
1083 1333 1159 1396 ἐστί.

156 1427 237 1498 καθ’
257 1432 295 1496 ἓν
310 1427 375 1513 γὰρ
386 1425 448 1495 οὐκ
466 1421 511 1494 ὄν
523 1423 576 1496 οἷοὶ
588 1454 622 1495 τε
633 1437 699 1514 εἴη,
721 1424 765 1514 μὴ
777 1424 874 1505 ὄντος
885 1425 973 1505 ένός·
996 1424 1067 1494 ἀλλ’
1081 1428 1161 1493 ἕκα-

120 1543 141 1593 Ι)
160 1551 245 1614 στος,
258 1525 303 1607 ὡς
314 1532 432 1614 ἔοικεν,
446 1524 464 1595 ὁ
478 1524 579 1612 ὄγκος
590 1523 701 1595 αὐτοῖν
711 1525 848 1611 ὄπειρός
858 1528 928 1593 ἐστι
938 1525 1077 1612 πλήθει,
1095 1521 1161 1593 κόίν

156 1627 192 1696 τὸ
216 1624 437 1713 σμικρότατον
459 1629 584 1694 δοκοῦν
606 1625 689 1694 εἶναι
705 1625 791 1714 λόβη
808 1650 872 1709 τις,
895 1623 1007 1709 ὥσπερ
1024 1623 1106 1710 ὄναρ
1125 1628 1160 1692 ἐν

157 1727 253 1817 ὕπνῳ
266 1734 417 1813 φαίνεται
433 1728 589 1814 ἐξαίφνης
601 1722 683 1793 ὄνθ’
702 1724 776 1803 ἑνὸς
792 1723 949 1805 δόξαντος
959 1723 1043 1792 εἶναι
1054 1723 1159 1792 πολλοὶ

157 1829 212 1896 καὶ
225 1824 297 1894 ἀντὶ
309 1823 530 1911 σμικροτάτου
540 1828 749 1911 παμμέγεθες
759 1822 842 1907 πρός
852 1821 892 1890 τὰ
904 1823 1160 1908 κερματιζόμενα

159 1928 191 2004 ἐξ
203 1921 318 1991 αὐτοῦ.
334 1921 525 2007 Ὀρθότατα.
553 1923 723 1990 Τοιούτων
736 1919 775 2008 δὴ
789 1920 901 2007 ὄγκων
911 1920 995 1989 ὄλλα
1006 1919 1160 2005 ἀλλήλων

157 2019 201 2090 ὄν
218 2031 266 2108 εἴη
284 2013 403 2106 τᾶλλα,
426 2026 457 2088 εἰ
471 2017 600 2106 ένόςμη
617 2017 713 2098 ὄντος
729 2019 815 2088 ὄλλα
826 2022 924 2088 ἐστίν.
957 2023 1088 2106 Κομιδῇ
1100 2019 1160 2104 μέν

158 2114 230 2187 οὖν.
256 2118 394 2188 Οὐκοῦν
405 2118 521 2186 πολλοὶ
533 2116 628 2202 ὄγκοι
640 2123 781 2205 ἔσονται,
795 2114 841 2198 εἷς
851 2120 988 2198 ἕκαστος
999 2119 1162 2204 φαινόμε-

158 2244 231 2303 νος,
255 2212 419 2298 ὄνὸέοό,
442 2214 637 2303 εἶπερὲνμὴ
652 2222 757 2298 ἔσται;
781 2216 906 2297 Οὕτως.
939 2219 1006 2287 Καὶ
1018 2215 1159 2303 ἀριθμός

122 2331 144 2380 Ε
162 2320 198 2384 δὲ
212 2311 419 2383 εἶναιαότεόν
433 2314 537 2402 δόξει,
560 2325 652 2400 εἴπερ
663 2320 719 2386 καὶ
730 2320 766 2386 ἓν
777 2319 932 2405 ἕκαστον,
956 2325 1091 2386 πολλῶν
1102 2315 1161 2384 ὄν-

159 2440 234 2483 των.
258 2413 357 2480 Πάνυ
366 2439 414 2499 γε.
435 2417 501 2483 Καὶ
511 2413 551 2482 τὰ
562 2416 623 2502 μὲν
634 2415 674 2504 δὴ
687 2415 794 2503 ὄρτια,
806 2417 846 2486 τὰ
859 2416 894 2485 δὲ
906 2414 1039 2502 περιττὰ
1051 2419 1087 2483 έν
1099 2412 1156 2481 αὐ·

158 2526 225 2590 τοῖς
236 2509 316 2579 ὄντα
328 2510 390 2578 οὐκ
401 2511 537 2600 ἀληθῶς
547 2521 716 2602 φαίνεται,
738 2527 830 2599 εἴπερ
849 2518 885 2584 ἓν
902 2515 946 2603 μὴ
965 2520 1062 2583 ἔσται.
1109 2514 1159 2582 Οὐ

159 2603 307 2696 γὰροῦν.
344 2614 410 2680 Καὶ
420 2611 488 2698 μην
498 2614 552 2680 καὶ
566 2616 786 2700 σμικρότατόν
795 2640 850 2701 γε,
875 2620 1000 2700 φαμέν,
1026 2614 1160 2693 δόξειέν

160 2709 270 2788 αὐτοῖς
282 2712 418 2778 ἐνεῖναι·
438 2719 591 2797 φαίνεται
603 2713 638 2781 δὲ
649 2722 747 2781 τοῦτο
760 2711 865 2781 πολλὰ
876 2715 931 2780 καὶ
942 2713 1066 2799 μεγαλα
1079 2711 1162 2796 πρός

93 2827 141 2882 165
158 2811 298 2877 ἕκαστον
319 2817 387 2877 τοῖν
407 2819 542 2880 πολλοόν
562 2808 606 2892 ὡς
627 2833 777 2900 σμικρον
796 2810 914 2882 ὄντων.
946 2819 1024 2890 Πῶς
1045 2807 1075 2878 δ’
1102 2808 1161 2891 οό;

159 2911 225 2978 Καὶ
240 2919 309 2988 ἴσος
320 2907 387 2996 μὴν
398 2924 465 2989 τοῖς
475 2919 610 2990 πολλοῖς
621 2915 676 2980 καὶ
686 2925 835 2998 σμικροῖς
846 2912 982 2990 ἕκαστος
993 2907 1092 2995 ὄγκος
1103 2913 1161 2976 δο-

160 3009 359 3097 ξασθήσεται
374 3007 466 3077 εἶναι.
490 3008 531 3078 οὐ
548 3009 613 3096 γὰρ
631 3006 675 3078 ὄν
691 3013 881 3098 μετέβαινεν
897 3014 934 3078 ἐκ
955 3014 1101 3096 μείζονος
1116 3013 1163 3086 εἰς

160 3113 294 3175 ἔλαττον
312 3108 530 3195 φαινόμενος,
553 3115 632 3195 πρὶν
654 3116 699 3188 εἰς
715 3107 752 3177 τό
771 3107 892 3196 μεταξὺ
913 3109 1022 3188 δόξειν
1032 3111 1160 3175 ἐλθεῖν·

159 3214 257 3273 τοῦτο
270 3205 302 3274 δ’
322 3217 371 3295 εἴη
383 3201 424 3275 ὄν
437 3207 614 3294 φάντασμα
626 3207 781 3295 ἰσότητος.
815 3207 923 3284 Ελκός.
958 3203 1160 3282 Οὐκοῦνκαὶ

159 3300 242 3384 πρὸς
252 3303 354 3374 ἄλλον
364 3305 469 3392 ὄγκον
478 3311 579 3389 πέρας
590 3312 690 3392 έχων,
714 3302 814 3384 αὐτός
823 3330 861 3391 γε
874 3303 958 3389 πρός
969 3303 1073 3373 αὑτὸν
1084 3303 1160 3373 οὔτε

151 3397 351 3482 ἄργῂνοότε
361 3409 464 3488 πέρας
476 3403 554 3474 οὔτε
564 3408 666 3491 μέσον
681 3409 780 3489 ἔχωνς
802 3410 857 3492 Πῇ
874 3403 932 3490 δός
945 3401 1015 3470 ΓὈτι
1032 3402 1083 3472 ἀεὶ
1099 3401 1159 3470 αὐ·
