2408 3780
164 199 204 263 14
527 196 813 257 ΠΛΑΤΩΝΟΣ

247 365 297 428 ΙΧ.
345 365 456 426 Ταῦτα
475 356 515 444 δὴ
529 355 679 433 εἰπόντος
690 363 751 422 τοῦ
762 355 934 442 Ζήνωνος,
955 351 1047 441 ἔφηὸ
1062 353 1162 423 Ἀνιν
1193 408 1202 449 ‚3

164 467 240 544 φῦυ
252 457 357 543 φάναι
366 454 425 525 τὸν
432 455 654 540 Πυθόδωρον,
666 451 769 520 αὐτόν
779 478 814 520 τε
826 457 957 521 ῦελσθαι
967 459 1168 538 τοῦΠαρμε-
1195 500 1201 547 2

163 560 261 623 νίῦου
271 555 325 623 καλ
336 552 397 621 τὸν
405 553 606 639 Ἀριστοτέλη
617 553 672 618 καλ
685 548 764 630 τοῦς
774 550 912 635 ἀλλους,
930 551 1167 630 ἐνδείξασθαιῦ
1202 576 1204 584 ’

163 654 253 738 λέγοι
264 656 317 720 καλ
328 649 372 738 μὴ
386 648 493 730 άλλως
504 662 620 717 ποιεῖν.
642 648 701 717 τὸν
713 641 1004 735 οῦυΠαρμευίῦηυ,
1014 646 1166 734 Ἀνάγκη,

99 770 147 826 137
164 751 284 836 φάναι,
307 756 492 817 πείθεσθαι.
526 754 584 816 καί
598 774 648 815 τοι
660 751 748 814 δοκοῦ
758 773 814 833 μοι
824 747 861 814 τῦ
873 744 1099 833 τοῦἸβυκείου
1110 750 1167 814 λ’π-
1196 800 1200 843 3

9 904 13 909 .
163 871 229 913 που
241 849 460 932 πεπονθέναι,
483 836 510 933 ᾦ
521 847 644 923 ἐκεῖνος
654 843 785 933 ἀθλητῇ
795 843 867 911 ἀντι
876 845 932 912 καλ
942 846 1165 933 πρεσβυτέρῳ,
1202 869 1203 880 ²

79 933 85 939 ’
161 940 223 1027 ὑφ’
242 942 364 1029 άρματι
381 946 531 1029 μέλλοντι
548 941 764 1028 ἀγωνιεῖσθαι
780 943 835 1009 καλ
852 939 899 1008 δι’
910 944 1080 1028 ἐμπειρίαν
1091 945 1166 1024 τρέ-

161 1065 256 1125 μοντι
272 1038 308 1107 τὰ
327 1045 463 1126 μέλλον,
487 1037 606 1107 ἑαυτὸν
622 1037 805 1119 ἀπεικάζων
821 1037 913 1107 ἀκωυ
925 1048 987 1127 ἔφη
998 1040 1054 1108 καὶ
1065 1036 1164 1117 αὐτὸς
1195 1091 1204 1115 ,

162 1133 250 1202 οὕτω
268 1135 454 1221 πρεσβύτης
470 1130 518 1203 αλν
535 1141 581 1214 εἰς
597 1135 657 1202 τὸυ
674 1141 778 1219 ἔρωτα
794 1135 1040 1223 ἀναγκάζεσθαι
1063 1141 1164 1206 ἰέναι·
1193 1122 1202 1193 λ

161 1228 253 1316 κάγά
265 1257 320 1317 μοι
332 1236 419 1299 ῦοκῦ
432 1237 636 1320 μεμνημένος
646 1234 735 1320 μάλα
745 1242 940 1321 φοβεῖσθαι,
953 1245 1023 1314 ποῦς
1032 1235 1093 1322 χρη
1106 1262 1165 1321 τη-
1192 1232 1202 1297 λ

164 1331 296 1397 λικόνῦε
314 1329 395 1398 ὅντα
408 1335 579 1398 διανεῦσαι
589 1332 742 1398 τοιοῦτόν
753 1357 787 1398 τε
798 1334 852 1400 καλ
863 1339 1023 1400 τοσοῦτον
1036 1338 1163 1416 πλῆθος
1201 1379 1204 1384 -

162 1427 287 1513 λόγων·
311 1426 400 1513 ὅμως
411 1431 450 1497 δέ
457 1468 500 1480 -
512 1433 563 1496 δεῖ
568 1427 634 1514 γάρ
643 1433 847 1514 χαρίζεσθαι,
859 1429 969 1516 ἐπειδὴ
982 1436 1054 1514 καί,
1067 1425 1163 1514 ὃΖη-
1188 1434 1202 1505 ’,

162 1552 232 1592 νων
255 1529 356 1611 λέγει,
380 1524 477 1594 αὐτοί
494 1529 601 1612 ἐσμεν.
640 1526 748 1594 πόθεν
770 1518 833 1594 οῦν
854 1524 894 1613 δὴ
919 1524 1087 1613 ἀρξόμεθα
1109 1527 1163 1594 καλ
1194 1582 1199 1617 ,

124 1653 141 1702 B
162 1631 195 1692 τί
210 1631 343 1710 πρῶτον
359 1621 619 1711 ὑποθησόμεθα;
640 1620 860 1711 ἢβοῦλεσθε,
883 1626 1055 1712 ἐπειδήπερ
1073 1629 1165 1693 doust
1192 1676 1199 1709 ;

161 1722 413 1809 πραγματειάῦη
425 1721 563 1790 παιδιάν
572 1727 712 1810 παιῖειν,
725 1720 782 1790 ἀπ’
796 1725 940 1809 ἐμαυτοῦ
951 1721 1097 1809 άρξωμαι
1107 1725 1164 1792 καλ

159 1826 216 1905 τῆς
233 1823 378 1905 ἐμαυτοῦ
396 1816 604 1906 ἀποθέσεως,
626 1823 701 1907 περὶ
717 1828 777 1889 τοῦ
794 1819 867 1899 ένός
879 1819 983 1888 αὐτοῦ
994 1819 1164 1907 ῦπυθεμε-
1193 1896 1196 1901 ,

160 1942 232 2001 νος,
255 1926 318 1984 εἴτε
338 1920 375 1983 ἓν
392 1923 557 1985 ἔστιυελτε
575 1916 618 2002 μὴ
637 1919 690 2001 έν,
713 1925 748 1984 τί
759 1918 819 2003 χρὴ
835 1921 1042 2004 ξυμβαίνεινς
1063 1917 1163 1984 Πάνυ
1191 1918 1196 1927 ’

159 2006 308 2100 μὲνοῦν,
332 2014 438 2101 φάναι
448 2013 507 2082 τὸν
518 2016 667 2101 Ζήνωνα.
704 2021 760 2092 Τίς
771 2008 848 2091 οῦν;
871 2020 990 2100 εἰπεῖν,
1011 2011 1164 2100 μολάπο-

161 2125 332 2197 κριυελται;
353 2106 376 2196 ἢ
393 2108 410 2178 ὁ
429 2109 603 2189 νεάτατος;
619 2108 811 2197 ἥκισταγάρ
824 2107 867 2177 ἀν
879 2119 1161 2200 πολυπραγμονοῖ,

161 2211 215 2276 καλ
232 2205 252 2274 ἀ
270 2218 371 2275 ολέται
388 2205 518 2292 μάλιστ’
537 2207 578 2274 ἀν
595 2206 821 2291 ἀποκρίνοιτο·
841 2211 895 2277 καλ
912 2207 980 2294 ἅμα
996 2212 1067 2295 ἐμοὶ
1078 2208 1154 2278 ἀνά,

122 2338 141 2390 0
160 2303 259 2373 παυλ’
273 2300 317 2372 ἀν
330 2315 378 2391 εῦη
391 2303 412 2391 ἡ
425 2310 553 2374 ἐκείνου
569 2303 751 2390 ἀπόκρισις.
775 2304 924 2393 Ἕτοιμός
941 2326 1010 2394 σοι,
1031 2301 1153 2395 άΠαρ

158 2408 292 2490 μενίάη,
315 2404 436 2490 φάναι,
457 2412 572 2489 τοῦτο,
594 2403 655 2471 τὸν
667 2402 887 2490 Ἀριστοτέλη·
909 2406 965 2490 ἐμὲ
982 2403 1048 2491 γάρ
1058 2409 1162 2489 λέγεις

159 2499 218 2570 τὸν
230 2501 396 2569 νεώτατον
405 2505 527 2586 λέγων·
549 2500 624 2571 ἀλλ’
635 2503 741 2589 ἐράτα
752 2500 796 2583 άς
806 2501 1103 2590 ἀποκρινουμένου.

242 2604 279 2665 Χ.
323 2595 402 2665 Εἶεν
414 2600 471 2685 δή,
493 2600 613 2685 φάναι·
634 2608 664 2669 εἰ
672 2604 709 2670 ἐν
721 2607 824 2688 ἐστιν,
847 2601 927 2670 ἀλλο
938 2628 969 2669 τι
981 2601 1043 2670 οῦκ
1055 2599 1098 2670 ἀν
1110 2612 1161 2691 ελη

158 2695 262 2763 πολλοὶ
281 2693 316 2762 τό
334 2697 387 2777 ἕνς
407 2703 483 2775 Πῶς
500 2695 564 2782 γάρ
582 2695 639 2775 ἀν;
660 2698 747 2766 Οάτε
763 2698 829 2783 ἀρα
846 2704 944 2787 μέρος
960 2698 1065 2768 αὐτοῦ
1082 2699 1162 2769 οὔτε

158 2790 240 2860 ὅλον
257 2791 337 2860 αὐτὸ
355 2797 408 2861 δεῖ
421 2792 513 2862 εἶναι.
551 2801 593 2862 Τί
606 2795 665 2881 ῦής
689 2794 734 2864 Τό
752 2801 850 2882 μέρος
869 2822 936 2866 που
957 2795 1040 2865 ὅλου
1061 2800 1161 2884 μέρος

158 2894 252 2958 ἐστίν.
286 2896 363 2958 Ναί.
401 2891 533 2959 Τι’ῦέτὸ
548 2891 644 2972 ὅλους
669 2892 741 2980 οῦχλ
752 2886 795 2961 οῦ
804 2890 847 2961 ἀν
857 2897 955 2980 μέρος
965 2894 1069 2982 μηδὲν
1079 2891 1160 2982 ἀπῇ,

159 2985 240 3056 ὅλον
256 2982 299 3054 ἀν
316 2997 383 3073 ελης
404 2989 503 3057 Πάνυ
519 3015 566 3075 γε.
598 2988 803 3076 Ἀμφοτέρας
819 2990 884 3076 ἀρα
901 2989 937 3059 τὸ
952 2995 990 3060 ἓν
1001 2997 1036 3060 ἐκ
1049 3001 1160 3079 μερῶν

158 3084 202 3152 ἀν
219 3093 285 3171 ελη,
308 3083 389 3154 ὅλου
399 3112 434 3154 τε
445 3083 486 3154 ὂν
496 3089 551 3156 καλ
561 3090 643 3175 μέρη
656 3095 740 3175 ἔχου.
772 3087 921 3177 Ἀνάγκη.
949 3088 1161 3178 Ἀμφοτέρως

121 3204 141 3253 1)
161 3177 203 3249 ἀν
214 3181 278 3265 ἀρα
290 3180 395 3262 οὕτως
405 3182 443 3250 τὸ
455 3187 492 3251 ἓν
503 3184 607 3253 πολλὰ
619 3197 685 3273 εἰη,
698 3185 770 3256 ἀλλ’
786 3184 847 3275 οὐχ
857 3189 903 3256 ἐν.
931 3185 1064 3277 Ἀληθῆ.
1097 3200 1163 3259 Δεῖ

158 3282 195 3346 δέ
209 3305 246 3365 γε
264 3277 307 3365 μὴ
326 3279 431 3348 πολλά
450 3278 521 3351 ἀλλ’
536 3285 573 3350 ἐν
584 3279 664 3351 αὐτὸ
678 3281 769 3352 εἶναι.
802 3294 872 3354 Δεῖ.
906 3282 990 3355 οῦτ’
1002 3284 1161 3369 άραὸλον

154 3381 245 3442 ἔσται
258 3375 335 3445 οὔτε
346 3382 429 3465 μέρη
441 3382 518 3467 ἕξει,
531 3385 561 3448 ελ
570 3383 607 3449 ἓν
618 3386 706 3450 ἔσται
719 3379 755 3451 τὸ
768 3384 814 3452 ἐν.
847 3381 899 3452 Οά
910 3382 983 3468 γάρ.
1021 3381 1161 3455 Οάκοῦν
