2408 3780
460 208 697 266 ΦΙΛΗΒΟΣ.
1017 208 1077 270 115

158 376 280 436 XXXII.
325 373 400 435 ΣΩ.
437 365 574 434 Οὐκοῦν
591 365 644 433 ὅτε
667 376 805 452 μετρίως
826 366 888 454 ἤδη
911 375 1115 459 διακεκρί-0

72 477 162 553 μεθα
177 470 277 552 χωρίς
293 466 351 544 τάς
368 491 403 531 τε
419 461 572 546 καθαράς
588 459 712 550 ἡδονάς
729 467 783 532 καὶ
794 464 851 544 τάς
865 467 983 552 σχεδδν
995 466 1077 536 άκα-

73 567 223 650 θάρτους
238 563 350 649 ὀρθῶς
367 559 408 631 άυ
427 567 613 648 λεχθείσας,
635 569 838 647 προσθῶμεν
850 566 996 656 τῷλόγῳ
1008 581 1077 647 ταῖς

72 667 134 751 μὲν
151 667 314 749 σφοδραῖς
330 660 463 748 ἡδοναῖς
482 659 655 745 άμετρίαν,
678 673 747 737 ταῖς
765 659 800 727 δὲ
818 660 862 746 μὴ
880 661 1077 733 τούναντίον

72 767 263 848 ἐμμετρίαν·
287 761 341 827 καὶ
351 757 387 826 τδ
402 763 484 844 μέγα
495 760 550 825 καὶ
560 755 597 824 τό
609 755 760 842 σφοδρὰν
772 751 832 846 αὖ,
853 764 907 829 καὶ
920 764 1076 842 πολλάκις

71 861 126 926 καὶ
146 855 292 943 ὀλιγάκις
307 860 504 943 γιγνομένας
522 854 690 938 τοιαύτας,
714 864 795 944 [τῆς]
814 867 874 926 τοῦ
891 858 1029 948 ἀπείρου
1041 889 1075 929 τε

69 960 202 1024 ἐκείνου
219 958 273 1023 καί
289 948 388 1042 ἦττον
404 957 459 1023 καί
474 962 601 1040 μᾶλλον
621 955 674 1021 διά
691 981 725 1022 τε
743 957 893 1043 σώματος
905 964 960 1027 καὶ
972 968 1076 1048 ψυχῆς

70 1055 261 1140 φερομένου
278 1061 482 1140 προσθῶμεν
499 1050 612 1131 αὐταῖς
629 1051 712 1120 εἶναι
722 1056 856 1142 γένους,
879 1072 949 1137 ταῖς
961 1059 996 1127 δέ
1008 1067 1075 1126 των
1094 1083 1114 1132 ι)

68 1157 251 1238 ἐμμέτρων.

156 1256 257 1317 Hm.
285 1248 467 1335 Ὀρθότατα
479 1256 598 1337 λέγεις,
612 1243 836 1336 οδΣωκρατες.

156 1355 231 1417 Σίδ.
255 1348 327 1416 Ἔτι
343 1355 459 1417 τοίνυν
476 1347 557 1434 πρδς
573 1349 701 1426 τούτοις
717 1347 797 1435 μετά
810 1358 912 1417 ταῦτα
923 1353 998 1420 τάδε
1013 1351 1075 1419 αὐ-

67 1457 139 1517 των
151 1451 355 1516 διαθεατέον.

155 1552 257 1613 Hm.
292 1544 337 1614 Τό
350 1559 461 1624 ποίους

153 1651 229 1713 Σίδ.
257 1653 297 1712 Τί
307 1669 385 1713 ποτε
396 1642 456 1730 χρὴ
469 1645 573 1730 φάναι
584 1642 667 1729 πρὸς
679 1643 840 1729 άληθειαν
852 1643 950 1722 εἶναι,
963 1644 999 1712 τδ
1013 1673 1074 1712 κα-

66 1744 184 1830 θαράν
201 1770 236 1812 τε
253 1745 308 1811 καὶ
326 1747 513 1828 είλικρινές,
536 1738 604 1829 ἧτὸ
618 1742 749 1827 σφόδρα
760 1767 795 1809 τε
807 1744 860 1810 καὶ
873 1741 909 1810 τό
923 1741 1009 1810 πολδ
1020 1751 1075 1813 καλ

64 1844 105 1912 τὸ
118 1846 202 1929 μέγα
213 1844 267 1909 καὶ
277 1840 313 1910 τὸ
326 1842 459 1919 ίκανόν;

153 1947 257 2009 ΠΡΩ.
295 1947 337 2008 Τί
352 1937 426 2007 ποτ’
446 1938 527 2029 άρα,
551 1932 788 2027 άΣάκρατες,
811 1944 934 2032 ἐρωτᾷς
949 1943 1074 2032 βουλό-

64 2067 184 2129 μενοςς

152 2146 227 2208 Σίδ.
262 2142 398 2226 Μηδέν,
411 2131 438 2207 ά
449 2139 642 2225 Πρώταρχε,
656 2143 833 2208 ἐπιλείπειν
844 2145 982 2227 ἐλέγχων
992 2140 1073 2228 ἡδο-

64 2248 129 2326 νῆς
146 2265 181 2307 τε
198 2241 254 2307 καὶ
271 2238 462 2324 ἐπιστήμης,
485 2244 515 2306 εί
529 2235 565 2306 τὸ
577 2239 639 2322 μὲν
650 2237 705 2324 ἄρ’
719 2237 830 2306 αὐτῶν
842 2241 999 2327 ἑκατέρου
1011 2269 1069 2308 κα·
1090 2262 1110 2310 Ε

64 2337 179 2424 θαρόυ
189 2343 257 2405 ἐστι
264 2387 273 2422 ,
286 2336 322 2404 τό
335 2334 367 2403 δ’
380 2335 420 2404 οὐ
432 2337 601 2423 καθαρόν,
618 2341 672 2403 ἴνα
684 2335 838 2422 καθαρὸν
850 2339 1007 2421 ἑκάτερον
1019 2338 1071 2406 ίὸυ

65 2442 114 2515 είς
128 2433 191 2522 τὴν
207 2442 317 2518 κρίσιν
328 2437 398 2520 ἐμοὶ
411 2437 465 2503 καί
477 2437 528 2503 σοί
539 2437 592 2502 καί
605 2435 768 2514 ξυνάπασι
780 2440 889 2503 τοῖσδε
900 2437 972 2524 ράω
985 2461 1070 2524 παρ-

69 2530 327 2621 ε’χῃτῆνκρίσιν.

151 2636 254 2699 Hm.
283 2627 475 2716 Ὀρθότατα.

150 2736 226 2798 Σίδ.
250 2727 318 2798 Ἴθι
329 2730 386 2816 δή,
408 2732 482 2816 περὶ
493 2729 644 2816 πάντων,
668 2729 731 2798 ὅσα
741 2730 874 2817 καθαρά
885 2735 963 2822 γένη
976 2737 1071 2821 λέγο-

73 2853 146 2913 μεν,
167 2824 291 2896 οὑτωσὶ
313 2832 563 2915 διανοηθῶμεν·
591 2829 806 2916 προελόμενοι
827 2839 959 2918 πρῶτον
980 2834 1018 2900 έν
1040 2860 1071 2900 τι

21 2970 24 2999 ;
74 2930 308 3015 διασκοπῶμεν.
1087 2944 1120 2997 53

21 3088 25 3111 ,
151 3033 253 3094 Hm.
290 3033 331 3095 Τί
340 3018 405 3094 οὖν
415 3028 652 3114 προελάμεθας

21 3118 23 3135 '
152 3132 227 3194 Σίδ.
263 3122 307 3193 Ta
320 3122 442 3194 λευκδν
453 3130 489 3193 έν
499 3140 566 3206 τοῖς
577 3135 727 3213 πρῶτον,
750 3123 920 3211 είβοάλει,
936 3124 1069 3191 θεασά-

81 3228 269 3311 μεθαγένος.

41 3362 44 3367 -
151 3330 251 3391 ΠΡΩ.
283 3321 384 3392 Πάνυ
395 3321 456 3409 μὲν
467 3315 539 3391 οὖν.

42 3428 52 3495 ’,
154 3427 225 3490 Σίλ.
256 3427 337 3502 Πάς
357 3414 419 3490 οὖν
441 3417 484 3488 άν
507 3427 631 3490 λευκοῦ
651 3421 769 3500 καλπίς
786 3417 1080 3551 παθαράμηςδχρῖο

52 3554 55 3561 -
891 3514 914 3571 Q
