2408 3780
130 157 192 222 “38
516 160 725 220 ΠΛΑΤΩΝ
732 161 793 218 ΟΣ

114 336 134 385 Β
153 326 303 406 γίγνεταί
309 347 344 388 τε
355 321 409 388 καὶ
419 317 611 388 άκόλλνται.
640 317 790 405 Ἀνάγκη.
815 314 873 385 Ἓν
885 321 921 385 δὲ
932 321 987 386 καὶ
999 316 1105 386 πολλά
1118 314 1158 388 όν

152 419 206 485 καὶ
224 417 424 504 γιγνόμενον
441 420 496 487 καὶ
512 417 746 504 άπολλόμενον
762 410 817 501 ἆρ’
836 412 911 502 οὐχ,
933 414 1015 483 ὅταν
1035 416 1095 500 μὲν
1106 423 1159 500 χί-

150 543 267 602 χνηται
276 517 323 600 ἓν,
334 515 371 585 τὸ
385 515 491 585 πολλά
503 516 586 584 εἷναι
598 516 790 600 άτόλλνται,
802 513 883 582 ὅταν
895 518 931 582 δὲ
941 515 1058 599 πολλά,
1070 513 1108 583 τό
1121 519 1159 582 ’ἐν

152 613 236 681 εἶναι
254 612 452 697 άπόλλνται;
473 616 573 683 Πάνυ
583 643 631 702 χε.
655 613 714 682 Ἓν
726 617 762 681 δὲ
773 615 972 701 γιγνόμενον
983 617 1039 682 καὶ
1050 610 1157 682 πολλά

150 706 208 797 ἆρ’
221 711 283 781 οὐκ
295 712 423 801 άνάγκη
436 720 668 801 διακρίνεσθαί
676 739 710 782 τε
722 715 777 781 καὶ
789 721 1047 800 σννκρίνεσθαις
1065 721 1158 780 Πολ-

149 812 190 897 λή
207 838 254 898 γε.
286 815 352 880 Καὶ
372 813 439 901 μην
457 813 621 901 ἀνόμοιόν
637 841 675 900 με
692 816 747 882 καὶ
766 812 885 900 ὅμοιον
901 812 983 881 ὅταν
994 821 1156 897 γίγνηται,

149 908 353 995 ὁμοιοῦσθαί
366 937 401 979 τε
418 916 473 980 καὶ
488 911 747 999 άνομοιοῦσθαι;
768 918 844 980 Ναί.
878 915 942 980 Καὶ
954 911 1035 980 όταν
1046 915 1156 997 μεῖζον

148 1012 202 1075 καί
213 1014 349 1077 ἔλαττον
360 1015 414 1077 καὶ
426 1021 509 1094 ἴσον,
522 1010 728 1092 αὐξάνεσθαί
734 1037 770 1078 τε
781 1015 834 1079 καὶ
846 1017 983 1097 φθίνειν
994 1011 1049 1078 καὶ
1061 1015 1156 1077 ἰσοῦ-

114 1124 132 1172 c
150 1115 246 1183 σθαι;
270 1105 395 1186 Οὕτως.
423 1107 525 1177 Ὅταν
542 1109 577 1177 δὲ
594 1111 796 1195 κινούμενόν
813 1137 848 1176 τε
864 1114 991 1195 ἵστηται
1008 1109 1063 1176 καὶ
1073 1105 1155 1175 ὅταν

149 1202 241 1284 ἑστός
250 1207 302 1272 ἐπὶ
312 1207 349 1273 τό
361 1219 527 1275 κινεῖσθαι
536 1208 734 1296 μεταβάλλῃ,
747 1214 797 1275 δεῖ
806 1209 848 1294 (λη’
860 1233 925 1274 που
937 1204 1019 1274 αὐτό
1030 1231 1068 1290 γε
1078 1201 1154 1293 μηδ’

148 1307 185 1371 ἐν
199 1305 246 1370 ἑνὶ
257 1305 367 1392 χρόνῳ
380 1306 471 1374 εἶναι.
504 1315 583 1386 Πῶς
596 1308 636 1393 δή
644 1337 651 1384 ;
667 1304 780 1386 Ἑστός
790 1331 825 1372 τε
837 1305 999 1390 πρότερον
1010 1303 1152 1390 ὕστερον

147 1412 312 1470 κινεῖσθαι
321 1408 376 1472 καὶ
385 1405 548 1493 πρότερον
556 1408 756 1492 κινούμενον
765 1403 906 1486 ὕστερον
915 1402 1057 1488 ἑστάναι,
1070 1401 1155 1471 άνεν

148 1501 209 1587 μὲν
229 1509 290 1569 τοῦ
313 1503 528 1590 μεταβάλλειν
550 1503 611 1591 οὐχ
635 1499 708 1572 οἷόν
725 1530 760 1571 τε
777 1507 867 1571 ἔσται
884 1509 986 1570 ταῦτα
1004 1502 1151 1589 πάσχειν.

146 1602 314 1687 Πῶςχάρ;
336 1603 467 1689 Χρόνος
485 1609 569 1690 (λέγε
581 1602 689 1682 οὐδεὶς
700 1609 806 1688 ἔστιν,
830 1606 865 1669 ἐν
877 1595 904 1691 ᾦ
913 1628 944 1668 τι
955 1598 1073 1669 οἷόντε
1084 1601 1154 1688 άμα

146 1700 227 1787 μήτε
245 1712 412 1770 κινεῖσθαι
428 1703 511 1791 μήθ’
530 1706 674 1773 ἑστάναι.
709 1701 761 1771 Οὐ
778 1702 842 1788 γάρ
861 1692 933 1768 οὗν.
963 1697 1048 1767 Ἀλλ’
1073 1698 1153 1768 οὐδὲ

145 1796 213 1883 μὴν
223 1801 417 1886 μεταβάλλει
429 1801 511 1871 άνεν
521 1812 583 1870 τοῦ
593 1804 820 1890 μεταβάλλειν.
853 1796 925 1867 Οὐκ
939 1799 1034 1876 εἰκός.
1062 1796 1149 1867 Πότ’

107 1919 128 1968 D
147 1889 208 1963 οὖν
226 1896 436 1983 μεταβάλλει;
456 1899 534 1967 οὔτε
550 1899 613 1985 γάρ
632 1901 725 1980 ἑστός
736 1898 780 1968 άν
791 1899 869 1968 οὕτε
881 1897 1082 1984 κινούμενον
1093 1924 1153 1983 με-

145 1997 319 2081 ταβάλλοι,
343 1995 415 2064 οὔτ’
430 2002 466 2066 ἐν
476 1999 583 2087 χρόνῳ
596 1998 645 2064 όν.
682 1997 733 2065 Οὐ
744 1998 808 2083 γάρ
822 1990 895 2064 οὖν.
925 1991 996 2082 Ἆρ’
1009 1989 1073 2063 οὖν
1083 2001 1152 2064 ἔστι

145 2094 181 2162 τὸ
195 2095 321 2163 άτοκον
331 2104 447 2180 τοῦτο,
471 2089 548 2186 ε’νῳ
563 2095 634 2164 τότ’
652 2093 695 2164 άν
711 2106 776 2181 είη,
796 2095 850 2163 ὅτε
867 2096 1079 2182 μεταβάλλει;
1105 2097 1150 2164 Τό

144 2208 242 2261 κοίον
254 2195 295 2279 δή
303 2225 311 2272 ;
334 2193 378 2262 Τὸ
392 2199 554 2282 ἐξαίφνης.
587 2193 624 2263 τό
637 2195 700 2279 γάρ
713 2197 867 2280 ἐξαίφνης
877 2194 1009 2262 τοιόνδε
1019 2221 1050 2263 τι
1058 2200 1150 2263 -ἔοικε

145 2300 334 2380 σημαίνειν,
359 2291 402 2374 ὡς
423 2296 454 2374 ἐξ
478 2297 608 2363 ἐκείνου
625 2294 831 2379 μεταβάλλον
849 2300 894 2372 είς
911 2294 1077 2380 ἑκάτερον.
1109 2292 1150 2361 οὐ

143 2391 207 2479 γάρ
224 2397 260 2463 ἐκ
278 2420 315 2477 χε
333 2403 395 2460 τοῦ
412 2392 544 2463 ἑστάναι
561 2395 698 2471 ἑστῶτος
717 2398 764 2460 ἔτι
779 2392 992 2480 μεταβάλλει,
1015 2390 1089 2460 οὐδ’
1114 2394 1150 2460 ἐκ

143 2500 199 2576 της
210 2492 370 2578 κινήσεως
381 2498 577 2578 κινουμένης
589 2498 635 2559 ἔτι
647 2492 856 2578 μεταβάλλει·
877 2487 950 2559 ἀλλ’
963 2489 984 2577 η
995 2495 1149 2577 ἐξαίφνης

145 2586 227 2673 αὕτη
246 2589 347 2673 φόσις
358 2587 480 2665 άτοπός
490 2616 538 2666 τις
548 2590 729 2675 ἐγκάθηται
740 2588 861 2676 μεταξύ
873 2599 932 2675 τῆς
942 2589 1103 2675 κινήσεώς
1113 2615 1149 2657 τε

104 2710 126 2759 Ε
143 2689 197 2753 καὶ
215 2685 376 2769 στάσεως,
399 2689 436 2752 ἐν
453 2688 563 2776 χρόνῳ
582 2685 694 2755 οὐδενὶ
711 2681 812 2773 οὖσα,
835 2690 888 2755 καί
905 2695 951 2767 είς
970 2688 1095 2773 ταύτην
1107 2685 1147 2774 δὴ

144 2783 198 2848 καὶ
210 2787 245 2848 ἐκ
256 2783 378 2866 ταύτης
387 2781 425 2849 τό
438 2807 472 2848 τε
483 2782 685 2869 κινούμενον
696 2787 891 2873 μεταβάλλει
904 2788 955 2853 ἐπὶ
965 2784 1002 2852 τό
1016 2785 1148 2853 ἑστάναι

143 2883 197 2947 καὶ
208 2879 244 2947 τὸ
258 2877 350 2957 ἑστὸς
362 2882 414 2946 ἐπὶ
425 2878 462 2945 τό
475 2891 648 2949 κινεῖσθαι.
682 2884 891 2952 Κινδυνεύει.
920 2886 986 2951 Καὶ
997 2880 1033 2950 τό
1047 2887 1084 2950 ἓν
1095 2882 1146 2970 δή,

142 2990 233 3065 εἴπερ
251 2981 368 3066 ἕστηκέ
376 3006 411 3046 τε
423 2981 477 3047 καὶ
487 2993 638 3067 κινεῖται,
660 2984 859 3070 μεταβάλλοι
870 2979 914 3050 άν
925 2980 978 3067 ἐφ’
993 2983 1146 3069 ἑκάτερα·

141 3080 252 3166 μόνως
277 3075 342 3164 γάρ
365 3073 408 3145 άν
429 3077 535 3156 οὕτως
556 3077 727 3164 άμφότερα
748 3096 849 3150 ποιεῖ·
884 3082 1091 3168 μεταβάλλον
1113 3079 1145 3150 δ’

141 3183 295 3266 ἐξαίφνης
306 3176 516 3265 μεταβάλλει,
534 3181 588 3246 καί
600 3177 654 3247 ὅτε
665 3181 877 3267 μεταβάλλει,
894 3183 930 3247 ἐν
943 3177 1055 3247 οὐδενὶ
1066 3180 1144 3266 χρό·

140 3304 188 3366 νῳ
201 3275 243 3345 άν
255 3289 322 3363 εἴη,
340 3274 418 3346 οὐδὲ
429 3276 548 3347 κινοῖτ’
560 3274 605 3346 άν
614 3278 705 3366 τότε,
725 3277 801 3347 οὐδ’
814 3275 857 3346 άν
868 3286 971 3364 σταίη.
1008 3278 1060 3347 Οὐ
1070 3280 1144 3368 γάρ.

20 3462 25 3503 f
136 3366 206 3456 Ἆρ’
219 3368 281 3441 οὖν
292 3375 380 3442 οὕτω
393 3378 447 3444 καὶ
458 3374 609 3463 κρόςτάς
620 3377 721 3458 άλλας
731 3374 915 3466 μεταβολάς
924 3382 1004 3464 ἔχει,
1016 3377 1097 3447 ὅταν
1108 3381 1143 3447 ἐκ
