2408 3780
448 166 685 225 ΦΙΛΗΒΟΣ.
1010 166 1070 230 121

148 331 225 395 Σίί.
258 325 323 391 Καί
341 322 408 411 μὴν
426 327 577 412 ίατριιιην
593 350 628 391 τε
644 326 699 393 καὶ
710 334 873 412 γεωργίαν
884 329 939 397 καὶ
950 334 1072 414 κυβερ·
1088 341 1107 390 Β

64 419 203 509 νητικην
214 422 269 491 καὶ
281 419 501 509 στρατηγικὴν
513 419 670 501 ὡσαύτως
682 421 867 512 εὑρήσομεν
878 426 1022 511 ἐχούσας.

147 525 249 587 Hm.
284 522 349 587 Καὶ
361 519 450 586 πάνυ
461 546 508 605 γε.

148 626 224 688 ΣΩ.
261 620 463 707 Τεκτονικὴν
475 624 513 688 δέ
527 646 582 706 γε,
601 619 706 707 οἶμαι,
722 628 887 702 πλείστοις
898 628 1027 709 μέτροις
1037 651 1071 692 τε

63 722 118 786 καὶ
135 717 291 802 ὀργάνοις
302 721 491 806 χρωμένην,
516 716 538 786 ά
548 717 676 807 πολλὴν
693 717 863 808 ἀκρίβειαν
880 719 965 808 αὐτῇ
976 729 1072 808 πορί-

64 823 161 896 ζοντα
174 817 411 901 τεχνικοντέραν
423 823 491 884 τῶν
505 824 640 884 πολλῶν
650 821 836 905 ἐπιστημῶν
849 823 1028 904 παρέχεται.

149 920 251 982 Hm.
283 919 358 1001 Πῇς

150 1017 225 1079 ΣΩ.
259 1008 353 1077 Κατά
370 1034 405 1076 τε
422 1017 611 1096 ναυπηγίαν
631 1014 686 1081 καί
707 1013 781 1082 κατ’
806 1019 997 1100 οίκοᾶομίαν
1017 1015 1071 1081 καί

64 1116 102 1179 έν
118 1118 253 1188 πολλοῖς
269 1106 382 1187 άλλοις
398 1116 456 1194 της
477 1116 704 1198 ξυλουργικῆς.
728 1112 847 1183 κανόνι
867 1114 949 1200 γάρ,
972 1110 1070 1198 οἶμαι,

64 1210 120 1276 καὶ
132 1207 242 1294 τόρνςο
259 1212 375 1292 χρῆται
393 1206 449 1274 καί
467 1207 604 1295 θιαβήτη
616 1210 670 1277 καί
681 1208 814 1300 στάθμη
825 1219 882 1279 καί
890 1238 955 1280 τινι
966 1229 1071 1297 προσ·
1090 1224 1109 1273 c

64 1311 197 1392 αγοιγίιμ
209 1307 475 1393 κεκομψευμίυῳ.

149 1405 252 1467 Hm.
284 1402 350 1467 Καὶ
361 1397 451 1467 πάνυ
462 1426 515 1487 γε,
528 1393 555 1468 ῶ
567 1402 759 1490 Σῶκρατες,
772 1402 883 1490 ὀρθῶς
898 1410 1009 1493 λέγεις.

151 1504 227 1566 ΣΩ.
261 1503 380 1582 Θῶμεν
394 1506 510 1565 τοίνυν
523 1502 598 1586 διχῇ
608 1498 666 1579 τάς
682 1506 860 1588 λεγομένας
872 1509 1001 1588 τέχνας,
1015 1501 1071 1580 τοὶς

63 1598 127 1682 μὲν
145 1601 287 1684 μουσικῇ
306 1598 530 1681 ξυνεπομένας
542 1599 580 1663 ἐν
595 1610 662 1676 τοῖς
675 1604 782 1684 ἔργοις
793 1601 965 1679 ἐλάττονος
976 1597 1071 1683 άκρι-

64 1701 156 1782 βείας
167 1693 394 1782 μετισχούσας,
407 1691 465 1772 τάς
477 1693 513 1762 δὲ
523 1703 696 1783 τεκτονικῇ
706 1703 865 1777 πλείονος.

149 1798 251 1860 ΠΡΩ.
285 1797 430 1859 Κείσθω.

151 1896 226 1959 ΣΩ.
263 1890 400 1957 Τούτων
417 1890 454 1959 δὲ
470 1891 592 1969 ταύτας
605 1889 838 1979 άκριβεστάτας
850 1888 933 1959 εἶναι
947 1894 1069 1976 τέχνας,

65 1988 105 2070 ἅς
115 1996 182 2058 νῦν
193 1987 232 2075 δὴ
244 1987 375 2072 πρῶνας
388 1998 531 2076 είπομεν.

150 2093 253 2155 Hm.
281 2083 519 2175 Ἀριθμητικην
528 2096 639 2173 φαίνει
649 2114 705 2175 μοι
716 2090 825 2174 λέγειν
836 2091 890 2156 καὶ
900 2085 980 2167 ὅσας
991 2086 1068 2174 μετά

62 2188 186 2270 ταύτης
196 2187 310 2269 τέχνας
321 2185 473 2270 ἐφθέγξω
486 2191 552 2252 νῦν
565 2183 615 2271 δή.

152 2287 228 2348 ΣΩ.
262 2281 362 2348 Πάνυ
373 2281 434 2366 μὲν
444 2274 518 2350 οὖν.
530 2279 616 2368 ἀλλ’,
631 2275 659 2350 ῶ
670 2283 868 2368 Πρῶταρχε,
881 2274 937 2366 ἆρ’
950 2279 992 2350 οὐ
1003 2286 1071 2349 θιτ-
1088 2289 1110 2338 D

64 2377 124 2458 τὰς
135 2369 180 2446 αὖ
190 2378 245 2445 καὶ
255 2377 377 2458 ταύτας
391 2384 538 2459 λεκτέονς
550 2376 572 2465 ἢ
584 2387 669 2460 πῶς;

149 2480 252 2543 Hm.
285 2482 390 2555 Ποίας
402 2473 441 2563 θη
454 2478 575 2562 λέγειςς

151 2579 226 2641 ΣΩ.
255 2570 494 2660 Ἀριθμητικὴν
510 2583 642 2661 πρῶτον
657 2566 712 2661 ἄρ’
733 2571 796 2642 οὐκ
812 2573 916 2660 άλλην
926 2575 987 2658 μέν
997 2599 1071 2642 τινα

65 2669 211 2757 τὴντῶν
231 2678 367 2742 πολλῶν
383 2674 524 2758 φατέον,
547 2671 652 2761 ἄλλην
668 2669 699 2740 θ’
719 2665 764 2740 αὖ
782 2670 920 2758 τὴντῶν
933 2680 1071 2758 φιλοσο-

65 2771 242 2857 φοάντιον;

149 2874 253 2935 ΠΡΩ.
286 2876 343 2957 flu·
355 2872 434 2937 ποτὲ
448 2868 678 2956 διορισάμενος
688 2862 754 2938 οὖν
764 2869 879 2956 άλλην,
891 2865 954 2955 τὴν
965 2866 1000 2936 δὲ
1010 2863 1071 2934 άλ-

67 2975 129 3054 λην
137 2973 216 3053 θείη
228 2992 277 3045 τις
287 2961 331 3034 άν
341 2964 581 3055 άριθμητικήνς

149 3071 226 3133 ΣΩ.
260 3062 312 3133 Οὐ
324 3062 462 3151 σμικρὸς
473 3063 561 3152 ὅρος,
574 3058 602 3133 ῶ
613 3064 803 3152 Πρώταρχε.
817 3067 850 3131 οί
859 3064 920 3150 μὲν
930 3062 995 3146 γάρ
1006 3083 1072 3127 πον

66 3161 214 3246 μονάδας
224 3159 361 3241 άυίσονς
370 3171 655 3249 καταριθμοῦνται
665 3169 733 3230 τῶν
744 3162 818 3244 περὶ
829 3157 987 3246 ἀριθμόν,
1001 3151 1071 3225 οἷον

66 3257 272 3340 στρατόπεδα
290 3258 351 3326 δύο
368 3260 423 3327 καὶ
440 3264 522 3345 βοῦς
537 3259 599 3326 δύο
617 3258 750 3325 καὶδύο
772 3255 813 3324 τά
830 3254 1031 3342 σμικρότατα
1047 3249 1070 3342 ἢ
1088 3269 1109 3320 Ε

67 3353 178 3424 καὶτὰ
196 3356 331 3425 πάντων
348 3360 498 3443 μέγιστα·
522 3360 555 3424 οί
566 3353 599 3423 δ’
617 3353 739 3424 οὐκῶν
756 3378 836 3423 ποτε
857 3352 969 3434 αὐτοῖς
991 3375 1073 3422 συν-
