2408 3780
148 193 213 258 272
512 194 796 255 ΠΛΑΤΩΝΟΣ
1146 197 1164 249 2

151 362 368 440 Ξανθίππου,
386 351 427 423 ὃν
438 353 456 422 ὁ
467 355 573 441 πατήρ
587 355 765 439 ἐπίτροπον
775 357 926 423 κατέλιπε
938 361 992 421 σοι’
1001 380 1036 420 τε
1047 356 1105 421 καὶ
1115 360 1161 444 τῷ

152 455 303 546 ἀδελφῷ·
325 451 362 534 ὃς
379 451 421 523 ού
437 454 544 541 μόνον
561 457 598 521 ἐν
609 457 687 540 τῇδε
697 463 739 538 τῇ
749 452 842 520 πόλει
852 451 991 518 δύναται
1002 452 1161 537 πράττειν

152 553 173 623 δ’
183 582 214 623 τι
224 551 269 623 ἂν
278 554 454 642 βούληται,
467 551 535 621 ἀλλ’
547 555 584 620 ἐν
593 553 683 639 πύση
696 561 737 640 τῇ
745 549 873 618 Ἐλλάδι
883 551 937 617 καὶ
948 557 1015 617 των
1026 551 1160 636 βαρβά-

153 679 225 737 ρων
241 656 279 722 ἐν
294 660 428 731 πολλοῖς
444 653 499 720 καὶ
517 650 672 738 μεγάλοις
687 653 805 736 γένεσι.
846 647 1029 765 προσθήσω
1049 649 1085 715 δὲ
1102 651 1159 716 καὶ

107 771 128 822 c
156 749 206 819 ὅτι
217 776 285 818 των
294 757 479 819 πλουσιων
506 753 613 829 δοκεῖς
629 754 667 817 δέ
683 774 739 836 μοι
755 749 807 816 ἐπὶ
823 746 929 833 τούτω
947 743 1064 831 ήκιστα
1076 747 1161 831 μέγα

153 863 302 935 φρονεῖν.
338 844 422 916 κατὰ
441 848 550 915 πάντα
567 846 608 933 δή
626 855 730 914 ταῦτα
742 847 785 914 σύ
796 871 832 912 τε
847 844 1160 931 μεγαλαυχούμενος

153 947 358 1033 κεκράτηκας
372 953 440 1014 τῶν
459 949 609 1033 ἐραστῶν
627 948 751 1013 ἐκεῖνοί
763 969 798 1011 τε
815 936 1083 1024 ύπούεέστεροι”
1064 966 1159 1020 οντες

153 1045 405 1130 ἐκρατήθησαν,
427 1049 487 1112 καί
493 1062 531 1110 σε
541 1040 631 1110 ταῦτ’
645 1069 686 1110 ου
678 1041 857 1128 ’λέληθεν
882 1039 967 1107 ὅθεν
979 1036 1018 1124 δή
1029 1064 1070 1105 ευ
1056 1030 1159 1105 οἶδα

155 1168 206 1209 οτι
217 1139 417 1227 θαυμάζεις,
433 1148 469 1208 τί
484 1139 724 1226 διανοούμενός
738 1163 818 1206 ποτε
836 1136 898 1206 ούκ
909 1135 1159 1222 ἀπαλλάττομαι

153 1265 214 1307 του
199 1243 358 1322 ἔρωτος,
377 1236 474 1306 καὶ
451 1264 547 1324 ηντιν
544 1233 651 1322 ’ἔχων
663 1233 813 1305 ἐλπίδα*
795 1238 951 1323 υπομένω
963 1261 1030 1302 των
1048 1231 1160 1302 ύλλων

154 1335 380 1422 πεφευγότων.

238 1443 274 1503 Π.
317 1442 388 1504 ΑΛ.
419 1435 486 1503 Καὶ
502 1443 579 1512 ἴσως
596 1459 650 1518 γε,
675 1426 908 1520 ούΣοίκραιες,
932 1429 995 1500 ούκ
1009 1429 1095 1498 οἶσθ’
1109 1431 1160 1500 ὅτι

123 1547 143 1597 1)
158 1534 301 1621 σμικρόν
312 1561 353 1621 με
363 1539 481 1620 ἔφθης.
509 1530 574 1618 ἐγώ
586 1531 650 1617 γάρ
662 1557 713 1600 τοι
723 1536 760 1600 ἐν
770 1541 821 1622 νῷ
832 1530 921 1619 εἶχον
931 1530 1094 1615 πρότερός
1105 1553 1159 1600 σοι

155 1630 356 1718 προσελθων
367 1629 451 1700 αὐτοὶ
463 1627 557 1699 ταῦτ’
572 1633 717 1716 ἐρέσθαι,
729 1637 762 1698 τί
772 1655 850 1699 ποτε
860 1629 974 1716 βούλει
985 1631 1040 1696 καὶ
1055 1635 1102 1708 είς
1110 1638 1160 1698 τί·

154 1757 196 1797 να
208 1733 322 1798 ἐλπίδα
333 1732 613 1817 βλέπωνένοχλεϊς
622 1727 733 1815 με,ύελ
743 1727 829 1798 ὅπου
841 1724 883 1796 ἂν
893 1721 921 1797 οἷ
927 1730 1159 1814 ἐπιμελέστατα

154 1826 285 1909 παρύν·
298 1833 344 1918 τῷ
357 1825 429 1894 ὄντι
439 1825 503 1912 γὰρ
516 1828 689 1913 θαυμάζω,
701 1825 721 1894 ὅ
731 1834 766 1895 τί
773 1825 841 1895 ποτ’
849 1829 916 1896 ἐστὶ
928 1825 965 1895 τὸ
977 1825 1040 1894 σὰν
1051 1833 1161 1912 πρᾶγ-

153 1952 216 2012 μα,
230 1927 285 1994 καλ
295 1921 399 2012 ἥδιστ’
411 1921 454 1993 ἂν
466 1932 646 2013 πυθοίμην.

237 2030 312 2091 ΣΩ.
342 2019 492 2091 Ἀκούσει
503 2022 564 2108 μὲν
578 2022 643 2111 ἄρα
655 2050 732 2110 μου,
745 2020 790 2101 ως
800 2020 837 2091 τὸ
851 2022 947 2106 εἰκός,
960 2023 1158 2110 προθύμως,

153 2129 255 2206 εἴπερ,
268 2118 312 2199 ύς
324 2125 406 2208 έφης
413 2170 422 2205 ,
440 2124 612 2209 ἐπιθυμεῖς
623 2126 746 2191 εἰδέναι
758 2124 824 2207 [καλ
835 2120 987 2206 ἀκούσαι]
1000 2127 1034 2190 τί
1042 2126 1158 2190 θιανο-
1177 2148 1181 2153 ·

153 2223 269 2304 ούμαι,
283 2223 338 2286 καὶ
350 2214 394 2298 ὡς
406 2216 621 2309 ἀκουσομένῳ
633 2222 689 2289 καὶ
700 2230 933 2307 περιμενοῦντι
943 2225 1038 2306 λέγω.

239 2324 308 2386 ΑΛ.
341 2315 441 2385 Πύνυ
451 2309 601 2405 μὲνοῦν·
623 2317 707 2387 ἄλλα
720 2323 803 2405 λέγε.

103 2430 123 2480 Ε
239 2420 314 2482 ΣΩ.
337 2412 420 2500 Ὅρα
433 2415 489 2501 δή·
512 2411 553 2482 ού
563 2415 628 2500 γάρ
639 2441 688 2482 τοι
701 2426 751 2502 είη
763 2411 807 2483 ἄν
820 2418 1019 2504 θαυμαστὸν
1031 2422 1075 2501 εἰ,
1095 2415 1158 2495 ὥς·

154 2536 215 2595 περ
227 2513 282 2580 καλ
292 2509 557 2600 μόγιςήρξοίμην,
569 2511 657 2581 ούτω
668 2514 763 2600 μόγις
774 2517 830 2583 καὶ
840 2522 1041 2602 παυσαίμην.

238 2616 309 2678 ΑΛ.
337 2603 580 2695 Ὦ’γαθέλε’γε·
604 2610 873 2698 οἶκούσομαιγοὶρ.

237 2712 313 2774 ΣΩ.
342 2709 485 2774 Λεκτέον
502 2701 544 2776 ἂν
561 2718 620 2795 εἴη.
650 2709 794 2793 χαλεπὸν
810 2710 873 2795 μὲν
883 2700 948 2778 οὖν
959 2707 1041 2795 πρὸς
1052 2707 1158 2796 ἄνδρα

154 2800 216 2889 οὐχ
225 2800 349 2889 ἥττονα
360 2805 509 2889 ἐραστοῖυ
520 2809 771 2892 προσφέρεσθαι
782 2810 917 2895 ἐραστῇ,
935 2804 1025 2893 ὅμως
1036 2806 1158 2874 δὲτολ-

152 2904 275 2989 μητέον
286 2900 414 2988 φροίσαι
431 2900 492 2988 τήν
502 2902 586 2989 ἐμήν
597 2904 758 2972 διάνοιαν.
787 2901 850 2989 ἐγω
861 2904 945 2991 γάρ,
958 2896 985 2971 ύ
994 2901 1158 2989 Ἁλκιβιά-

155 3005 212 3086 θη,
232 3007 263 3070 εί
272 3003 334 3088 μέν
345 3021 383 3068 σε
401 2998 516 3087 ἑύρων
534 2998 632 3069 ἃνύν
642 2999 683 3087 δή
703 3007 846 3090 διήλθον
856 3000 1038 3088 ἄγαπωντύ
1048 3026 1084 3069 τε
1103 3001 1158 3069 καὶ

153 3097 309 3184 οἰόμενον
320 3104 390 3167 δεῖν
401 3100 437 3167 ἐν
447 3099 576 3179 τούτοις
586 3105 805 3186 καταβιωναι,
816 3094 953 3168 πύλαι”
931 3126 975 3168 αν
987 3096 1157 3186 ύπηλλᾰγ-

86 3223 135 3276 1⁰5
155 3223 221 3317 μην
232 3195 485 3284 τούέρωτος,”
459 3224 503 3276 ως
519 3224 557 3285 γε
569 3194 609 3284 δή
621 3198 766 3284 ἐμαυτὸν
783 3207 906 3267 πείθω·
928 3205 994 3266 νυν
1012 3197 1084 3264 δὲ“
1064 3222 1157 3282 ετερα

153 3285 198 3361 αὖ
208 3295 425 3383 κατηγορήσω
437 3297 640 3385 διανοήματα
650 3295 692 3365 σὰ
702 3294 786 3383 πρὸς
795 3295 899 3366 αύτόν
907 3299 975 3385 σέ,
963 3322 990 3364 ω
978 3287 1058 3365 καὶ
1069 3293 1160 3382 γνύο

149 3412 216 3475 σει,
231 3389 282 3459 ὅτι
307 3398 482 3482 προσέχων
493 3398 533 3483 γέ
554 3416 606 3464 σοι
620 3393 681 3465 τὸν
698 3403 784 3465 νούν
801 3398 1015 3463 διατετέλεκα.
1052 3399 1157 3473 δοκεῖς
