2408 3780
405 166 758 226 ΠΑΡΜΕΝΙΔΗΣ.
1043 163 1085 228 37

78 324 183 412 ταύτχ
200 323 240 410 δὴ
258 320 387 408 ἀνάγκη
411 324 618 411 πρεσβύτερά
634 349 669 391 τε
690 327 745 393 καὶ
766 326 910 412 νεώτερα
932 323 1084 411 ἀλλήλων

76 428 254 508 γίγνεσθαι
263 420 303 488 τά
311 446 346 487 τε
355 419 439 489 ἀλλα
449 428 511 488 τοῦ
522 419 595 499 ἑνός
607 422 661 488 καὶ
672 420 709 489 τὸ
722 425 758 488 ἓν
768 430 836 490 τάν
847 423 974 504 άλλων;
986 422 1083 491 Πάνυ

77 521 139 607 μὲν
151 512 224 587 οὐν.
258 521 350 586 Κατὰ
371 517 411 605 δὴ
430 519 539 587 πάντα
555 526 659 586 ταῦτα
676 518 713 586 τό
726 522 763 587 έν
774 518 857 587 αὐτό
867 546 901 588 τε
912 520 1017 589 αὑτοῦ
1029 525 1082 590 καὶ

76 623 146 685 τάν
163 614 274 683 άλλων
291 615 520 702 πρεσβύτερον
536 617 591 684 καλ
608 617 772 701 νεάτερον
783 622 850 685 ἔστι
861 645 896 687 τε
907 621 961 686 καὶ
971 627 1081 704 γίγνε-

77 739 145 795 ται,
161 713 217 779 καὶ
228 709 304 778 οὐτε
315 711 543 798 πρεσβύτερον
553 709 630 779 οὐτε
641 711 806 798 νεώτερον
816 713 887 782 οὐτ’
902 721 992 782 ἔστιν
1004 714 1080 781 οὐτε

73 814 223 892 γίγνεται
234 804 425 875 οὐτεαύτού
436 807 513 876 οὐτε
524 809 723 877 τῶνᾶλλων.
747 818 924 889 Παντελάς
934 810 995 896 μὲν
1007 803 1079 877 οὐν.

70 897 201 990 Ἐπειδὴ
214 905 249 973 δὲ
258 906 383 990 χρόνον
391 907 514 991 μετέχει
523 904 559 973 τὸ
570 908 607 972 ἓν
616 908 670 974 καί
679 915 741 975 τοῦ
749 909 976 995 πρεσβύτερόν
984 934 1018 975 τε
1027 909 1081 976 καὶ
1101 911 1121 960 ὓ

73 1003 239 1086 νεάτερον
250 1008 434 1088 γίγνεσθαι,
447 997 496 1089 ἀρ’
509 1002 571 1071 οὐκ
579 1002 707 1090 ἀνάγκη
717 1007 771 1074 ααλ
779 1014 840 1073 τοῦ
848 1008 926 1075 ποτὲ
936 1010 1081 1093 μετέχειν

73 1103 127 1169 καί
135 1108 198 1168 τοῦ
207 1104 316 1168 ἔπειτα
325 1104 379 1167 καὶ
390 1109 451 1168 τοῦ
459 1109 534 1183 νῦν,
543 1112 635 1186 εἴπερ
643 1104 768 1188 χρόνον
777 1101 1078 1190 μετέχειςἈνάγκχ.

70 1191 130 1266 Ἦν
149 1197 215 1282 ἀρα
232 1196 269 1266 τὸ
289 1201 326 1266 ἓν
337 1201 392 1266 καὶ
403 1203 471 1266 ἔστι
481 1200 535 1267 καὶ
545 1204 634 1267 ἔσται
645 1202 699 1269 καὶ
712 1203 856 1286 ἐγίγνετο
869 1201 923 1268 καὶ
933 1210 1079 1286 γίγνεται

72 1299 128 1365 καὶ
138 1296 321 1382 γενήσεται.
355 1301 398 1364 Τί
403 1295 488 1382 μήνς
510 1298 576 1365 Καὶ
587 1308 636 1384 εἴη
649 1298 692 1365 άν
702 1325 733 1366 τι
744 1302 858 1387 ἐκείνῳ
870 1301 924 1366 καὶ
938 1301 1077 1382 ἐκείνου,

71 1396 126 1463 καί
137 1387 245 1481 ἦνκαὶ
254 1395 385 1463 έστιιιαί
394 1398 491 1462 ἔσται.
513 1394 609 1475 Πάνυ
617 1423 664 1481 γε.
680 1399 746 1466 Καὶ
754 1395 914 1483 ἐπιστήμη
925 1393 964 1481 δὴ
976 1406 1024 1482 εἴη
1035 1391 1078 1461 ἀν

71 1489 179 1560 αὐτοῦ
190 1496 245 1560 καλ
255 1491 334 1573 δόξα
345 1493 399 1561 καὶ
410 1501 576 1581 αἴσθησις,
589 1502 680 1579 εἴπερ
692 1496 747 1564 καὶ
757 1503 822 1563 νῦν
830 1494 922 1584 ἡμεῖς
931 1496 1004 1578 περὶ
1015 1492 1078 1561 αὐ-

72 1599 132 1657 τοῦ
149 1590 259 1659 πάντα
274 1598 378 1659 ταῦτα
390 1591 584 1679 πράττομεν.
613 1591 739 1677 Ὀρθῶς
750 1596 862 1678 λέγεις.
894 1595 959 1660 Καὶ
970 1591 1076 1677 ὄνομα

71 1686 111 1774 δὴ
123 1689 179 1754 καὶ
189 1686 287 1773 λόγος
298 1690 385 1758 ἐστὶν
396 1687 502 1779 αὐτῷ,
524 1691 580 1757 καὶ
591 1687 782 1775 ὀνομάζεται
794 1692 848 1757 παλ
859 1695 1000 1773 λέγεται·
1021 1691 1076 1756 καὶ

70 1783 197 1872 ὅσαπερ
208 1789 263 1855 καί
274 1789 348 1871 περὶ
358 1788 398 1855 τά
408 1787 491 1856 ἀλλα
503 1796 570 1855 τῶν
580 1789 742 1856 τοιούτων
752 1789 906 1874 τυγχάνει
917 1787 1008 1874 ὅντα,
1020 1790 1074 1856 καὶ
1092 1805 1111 1854 Ε

29 1904 33 1909 “
71 1884 194 1970 περὶτὰ
207 1889 352 1954 ἕνέστιν.
372 1894 550 1966 Παντελοῐς
560 1888 622 1973 μὲν
633 1880 696 1955 οὐν
707 1892 771 1974 ἔχει
781 1885 896 1967 οὐτως.

154 1992 234 2053 XXI.
269 1982 341 2052 Ἔτι
358 1984 398 2072 δὴ
417 1984 453 2053 τὸ
464 1993 576 2069 τρίτον
589 1989 743 2073 λέγωμεν.
766 1985 803 2055 τὸ
816 1989 853 2054 ἓν
864 1992 894 2054 εί
902 1991 991 2053 ἔστιν
1002 1981 1074 2054 οἷον

69 2082 332 2170 διεληλύθαμεν,
352 2076 408 2169 ἀρ’
422 2081 484 2151 οὐκ
495 2083 623 2171 ἀνάγκη
636 2084 718 2154 αὐτό
726 2137 735 2171 ,
753 2088 790 2154 έν
800 2111 835 2153 τε
849 2080 890 2152 ἀν
900 2085 1072 2152 καὶπολλὰ

69 2184 123 2249 καλ
136 2182 219 2267 μήτε
231 2183 267 2248 ἓν
278 2182 358 2270 μήτε
369 2181 475 2250 πολλά
487 2184 542 2251 καὶ
552 2186 687 2269 μετέχον
697 2187 838 2271 χρόνον,
850 2182 972 2268 ὅτιμὲν
983 2188 1072 2250 ἔστιν

69 2281 121 2366 έν,
141 2277 257 2359 οὐσίας
269 2283 414 2366 μετέχειν
425 2284 518 2366 ποτέ,
536 2279 587 2349 ὅτι
599 2281 630 2348 δ’
645 2281 706 2350 οὐκ
718 2288 801 2366 ἔστι,
813 2280 857 2368 μὴ
870 2284 1016 2369 μετέχειν
1029 2274 1073 2347 αὐ

68 2378 147 2446 ποτὲ
157 2375 289 2458 οὐσίας;
307 2375 458 2464 Ἀνάγκη.
475 2371 545 2463 ’Ἆρ’
560 2372 624 2446 οὐν
636 2379 690 2447 ὅτε
700 2382 840 2465 μετέχει,
853 2375 970 2447 οἷόντε
982 2385 1072 2446 ἔσται

67 2476 141 2544 τότε
158 2476 204 2563 μὴ
221 2479 382 2563 μετέχειν,
404 2472 426 2563 ἢ
443 2473 498 2543 ὅτε
512 2477 556 2561 μὴ
568 2481 709 2563 μετέχει,
731 2479 890 2563 μετέχειν;
915 2473 987 2561 Οὐχ
998 2473 1071 2544 οἶόν

68 2601 111 2644 τε.
144 2575 199 2642 Ἐν
216 2574 305 2664 ἀλλῳ
321 2572 386 2658 ἀρα
402 2576 512 2666 χρόνῳ
528 2580 651 2660 μετέχει
661 2578 717 2643 καὶ
728 2578 765 2642 έν
776 2573 865 2665 άλλςο
877 2572 919 2642 οὐ
929 2577 1068 2660 μετέχει·

68 2671 158 2743 οὕτω
175 2672 241 2760 γάρ
258 2669 302 2742 ἀν
318 2674 429 2759 μόνως
445 2682 507 2742 τοῦ
517 2673 622 2741 αὐτοῦ
632 2677 758 2759 μετέχοι
770 2700 804 2741 τε
816 2674 870 2741 καὶ
881 2671 924 2740 οὐ
933 2676 1069 2759 μετέχοι.
1169 2732 1174 2741 .

64 2769 201 2858 Ὀρθῶς.
235 2769 372 2841 Οὐκοῦν
382 2777 449 2840 ἔστι
459 2776 513 2840 καί
524 2764 622 2851 οὗτος
632 2772 751 2858 χρόνος
763 2771 818 2840 ὅτε
829 2769 1070 2860 μεταλαμβάνει
1087 2793 1138 2849 156

66 2878 126 2938 τοῦ
135 2870 221 2938 εἶναι
231 2873 285 2940 καλ
296 2870 351 2939 ὅτε
360 2869 598 2940 ἀπαλλάττεται
608 2868 729 2952 αὐτοῦς
741 2868 762 2957 ἢ
773 2879 842 2949 πως
853 2866 970 2939 οἷόντε
981 2875 1070 2937 ἔσται

64 2968 136 3039 τοτὲ
148 2971 210 3055 μέν
221 2973 306 3054 ἔχειν
318 2967 355 3036 τὸ
368 2965 450 3037 αὐτό
457 3020 466 3055 ,
485 2967 558 3037 τοτὲ
569 2969 605 3038 δὲ
615 2968 659 3056 μὴ
672 2974 772 3055 ἔχειν,
795 2971 856 3037 ἐάν
867 2967 913 3054 μή
925 2991 1003 3035 ποτε
1014 2969 1069 3034 καὶ

66 3066 218 3154 λαμβάνῃ
235 3063 316 3135 αὐτὸ
334 3069 389 3134 καὶ
406 3065 504 3155 ἀφίχ;
526 3064 698 3154 Οὐδαμῶς.
735 3067 779 3135 Τὸ
793 3066 832 3152 δὴ
845 3066 959 3144 οὐσίας
970 3091 1069 3151 μετα-

64 3164 247 3252 λαμβάνειν
274 3157 330 3250 άρ’
359 3163 401 3232 οὐ
429 3173 604 3251 γίγνεσθαι
624 3173 750 3243 καλείς;
782 3164 917 3248 Ἔγωγε.
964 3161 1008 3230 Τὰ
1033 3166 1069 3232 δέ

65 3260 331 3332 ἀπαλλάττεσθαι
352 3260 466 3342 οὐσίας
488 3257 544 3349 ἀρ’
563 3261 626 3332 οὐκ
643 3262 873 3344 dammam
893 3265 960 3330 Καὶ
977 3261 1068 3331 πάνεΙ

66 3389 109 3443 γε.
146 3362 191 3432 Τά
210 3366 248 3431 ἓν
264 3362 324 3450 δή,
347 3359 391 3443 ὥς
407 3368 506 3451 ἔοικε,
523 3362 695 3450 λαμβάνον
709 3387 745 3430 τε
761 3361 816 3429 καὶ
833 3358 930 3448 ἀφιὲν
949 3357 1069 3431 οὐσίαν
