2408 3780
158 152 218 214 160
523 150 805 209 αΛΑνιιαοε
1131 114 1194 213 ω’

155 310 374 398 ἀνθρωπίνην
385 306 489 393 φύσιν
501 307 601 374 καλ
565 335 605 375 τα
617 308 797 429 μαθήματα
809 308 919 396 αὐτῆς
941 308 961 396 ἡ
977 310 1041 398 γάρ
1060 311 1166 381 πάλαι
1189 374 1194 405 ·.

154 410 249 534 ἡμῶν
262 409 367 532 φύσις
374 405 433 493 οὐχ
445 405 528 491 αὕτη
540 400 597 493 ἦν
611 406 695 492 ἤπερ
707 415 790 492 νῦν,
807 405 875 475 ἀλλ’
891 405 1015 478 ἀλλοία.
1029 417 1166 495 πρῶτον

154 507 214 595 μὲν
232 506 295 594 γάρ
313 512 386 592 τρία
403 497 446 591 ἦν
462 501 502 571 τά
520 507 599 591 γένη
616 502 656 571 τά
667 511 735 571 τῶν
747 457 955 631 ἀύθράπων,
979 506 1039 593 ούχ
1050 507 1164 594 ωσπερ

120 620 139 668 ε
158 613 223 673 νῦν
234 601 340 688 δύο,”
318 628 421 689 αρρεν
432 629 484 669 και
475 604 601 688 θῆλυ,
620 600 702 669 ἀλλά
714 603 769 670 καὶ
780 610 891 687 τρίτον
905 612 1042 692 προσῆν
1045 605 1165 673 κοινὸυ

155 699 197 770 όν
216 699 413 788 ἀμφοτέρων
430 699 572 786 τούτων,
596 691 639 767 ού
653 705 718 767 νῦν
735 697 841 818 ὄνομα
865 700 999 787 λοιπόν,
1022 699 1104 770 αὐτὸ
1127 702 1164 770 δέ

154 796 348 885 ἠφάνισται·
370 795 582 883 ἀνδρόγυνον
598 795 661 880 γάρ
681 797 765 864 ἓν
727 823 800 865 τοτε
818 791 933 886 μένην
944 826 997 867 και
987 798 1096 881 εἶδος
1107 802 1164 868 καὶ

157 896 262 983 όνομα
280 893 348 976 έξ’
330 897 527 981 ἀμφοτέρων
543 892 659 963 κοινὸν
676 904 737 962 τοῦ
752 922 787 963 τε
805 894 945 983 άρρενος
961 897 1162 985 καλθήλεος,
1190 964 1193 969 ,

156 1002 221 1060 νῦν
234 991 264 1060 δ’
279 988 341 1060 ούκ
353 997 441 1059 ἐστιν
453 989 527 1060 ἀλλ’
539 986 559 1079 ἢ
572 995 608 1059 ἐν
619 990 738 1059 ὀνείδει
750 991 856 1079 ὄνομα
865 1002 1026 1082 κείμενον.
1048 1003 1162 1064 ἔπειτα

156 1091 236 1158 όλον
258 1083 301 1176 ἦν
324 1090 464 1157 ἑκάστου
487 1097 545 1156 τοῦ
571 1088 756 1178 ἀνθρώπων
777 1089 813 1158 τὸ
834 1089 919 1170 εἶδος
941 1091 1161 1178 στρογγύλον,

156 1197 264 1257 νῶτον
281 1191 335 1256 καί
352 1187 496 1276 πλευράς
513 1189 626 1279 κύκλῳ
644 1195 735 1275 ἔχον,
755 1203 863 1275 χεῖρας
876 1189 910 1256 δέ
922 1193 1076 1274 τέτταρας
1087 1188 1161 1276 εἶχε,

157 1289 210 1353 καὶ
223 1289 321 1372 σκέλη
333 1285 372 1353 τά
391 1297 445 1354 ι”σα
463 1300 532 1364 ταῖς
548 1292 654 1372 χερσί,
676 1289 729 1355 καὶ
742 1287 902 1373 πρόσωπα
915 1283 970 1353 δύ’
982 1285 1035 1355 ἐπ’
1048 1285 1162 1373 αὐχένι
1190 1330 1194 1337 -

91 1402 140 1457 190
157 1394 357 1468 κυκλοτερεῖ,
370 1382 467 1471 ὁμοία
479 1384 600 1472 πάντη·
619 1383 768 1470 κεφαλὴν
779 1381 813 1450 δ’
826 1382 873 1451 ἐπ’
884 1382 1083 1470 ἀμφοτέροις
1094 1399 1161 1463 τοῖς

156 1483 345 1567 προσώποις
366 1485 525 1561 ἐναντίοις
547 1484 707 1568 κειμένοις
728 1489 823 1568 μίαν,
847 1485 901 1550 καὶ
923 1474 990 1549 εἶτα
1010 1485 1160 1568 τέτταρα,
1190 1516 1193 1521 ·

155 1584 208 1648 καὶ
226 1585 333 1648 αἰδοῖα
351 1578 428 1664 δύο,
450 1583 503 1648 καί
520 1571 623 1646 τᾶλλα
641 1579 747 1646 πάντα
762 1575 806 1656 ὡς
823 1577 887 1646 ἀπὸ
906 1579 1035 1646 τούτων
1051 1577 1095 1648 ἀν
1113 1606 1161 1659 τις

157 1679 325 1747 εἰκάσειεν.
339 1679 514 1763 ἐπορεύετο
527 1679 625 1746 δὲκαὶ
637 1675 744 1762 όρθὸν
756 1675 866 1761 ὥσπερ
879 1684 958 1761 νῦν,
974 1675 1160 1765 ὁποτέρωσε

156 1784 353 1864 βουληθείη·
365 1778 419 1843 καὶ
431 1773 529 1843 ὁπότε
541 1773 623 1860 ταχύ
635 1771 787 1861 ὁρμήσειε
799 1784 884 1856 θεῖν,
898 1773 1007 1860 ὥσπερ
1020 1781 1053 1842 ολ
1062 1783 1160 1864 κυβι-

155 1883 295 1953 στῶντες
318 1880 362 1952 είς
390 1871 498 1958 ὀρθὸν
519 1871 559 1940 τά
581 1873 680 1958 σκέλη
703 1873 957 1959 περιφερόμενοι
979 1881 1161 1960 κυβιστωσι

154 1971 284 2061 κύκλῳ,
305 1968 390 2038 όκττὸ
409 1971 482 2039 τότε
501 1962 577 2037 οὖσι
593 1985 659 2048 τοῖς
669 1970 801 2056 μέλεσιν
813 1969 1060 2058 ἀπερειδόμενοι
1075 1972 1159 2059 ταχύ

117 2084 136 2133 Β
156 2071 313 2155 ἐφέροντο
336 2069 457 2157 κύκλῳ.
479 2061 523 2153 ἦν
540 2068 575 2136 δέ
593 2065 646 2134 διά
664 2074 766 2134 ταῦτα
783 2074 856 2155 τρία
874 2067 913 2136 τά
928 2070 1006 2155 γένη
1025 2072 1160 2139 καέτοι-
1191 2108 1194 2113 ·

155 2173 255 2250 αὕτα,
278 2164 328 2232 ότι
345 2167 381 2232 τὸ
394 2165 455 2251 μέν
472 2163 574 2250 ἀρρεν
585 2157 628 2250 ἦν
639 2171 699 2231 τοῦ
710 2161 806 2250 ἡλίου
817 2165 878 2252 την
889 2162 994 2252 ἀρχὴν
1007 2172 1159 2253 ἔκγονον,

155 2263 191 2330 τό
211 2264 245 2332 δέ
259 2271 349 2349 θῆλυ
367 2270 509 2350 τηςγης,
531 2260 567 2330 τὸ
587 2263 622 2332 δέ
640 2260 836 2349 ἀμφοτέρων
847 2265 981 2350 μετέχον
991 2272 1048 2351 τῆς
1060 2266 1161 2353 σελή·

155 2387 230 2448 νης,
255 2360 306 2428 ὅτι
322 2364 375 2429 καὶ
393 2358 412 2447 ἡ
431 2360 552 2449 σελήνη
571 2358 768 2448 ἀμφοτέρων
784 2364 923 2447 μετέχει·
947 2370 1109 2452 περιφερῆ
1123 2363 1159 2432 δὲ

156 2459 195 2547 δὴ
212 2453 254 2547 ἦν
271 2462 325 2528 καὶ
343 2457 425 2527 αὐτὰ
445 2462 498 2528 καὶ
516 2459 536 2548 ἡ
555 2468 670 2548 πορεία
682 2458 793 2527 αὐτῶν
805 2459 858 2527 διὰ
870 2458 906 2528 τὸ
923 2473 991 2538 τοῖς
1001 2468 1161 2545 γονεῦσιν

155 2557 253 2643 ὅμοια
273 2557 363 2626 εἶναι.
386 2552 430 2644 ἦν
447 2551 510 2626 οὖν
520 2557 581 2643 τὴν
593 2556 688 2643 ίσχὸν
700 2555 791 2624 δεινά
804 2558 858 2625 καὶ
873 2556 934 2644 τὴν
945 2556 1077 2644 ῥύμην,
1104 2560 1160 2627 καὶ

154 2653 192 2721 τά
207 2655 403 2743 φρονήματα
419 2653 545 2741 μεγάλα
562 2653 665 2741 εἰχον,
689 2659 900 2742 ἐπεχείρησαν
918 2654 953 2722 δὲ
971 2668 1037 2736 τοῖς
1055 2665 1159 2742 θεοῖς,

156 2754 210 2820 καὶ
222 2749 240 2818 ὁ
251 2748 482 2837 λέγειὍμηρος
493 2751 566 2833 περὶ
576 2746 749 2835 Ἐφιάλτου
760 2777 793 2818 τε
805 2752 977 2838 καὶὯτου,
989 2756 1062 2838 περὶ.
1074 2758 1159 2824 ἐκεί-

119 2873 138 2924 ο
157 2876 225 2918 νων
253 2851 401 2933 λέγεταε,
424 2846 460 2914 τὸ
483 2853 529 2926 είς
553 2843 612 2915 τὸν
633 2845 779 2933 οὐρανὸν
800 2849 964 2938 ἀνάβασιν
984 2854 1159 2938 ἐπιχειρεῖν

154 2960 277 3031 ποιεῖν,
291 2943 335 3024 οὸς
344 2946 595 3031 ἐπιθησομένων
606 2960 673 3026 τοῖς
683 2956 784 3028 θεοῖς.

237 3052 303 3115 XV.
343 3040 376 3111 ‘0
389 3035 452 3111 οὖν
463 3040 546 3122 Ζεύς
558 3045 612 3112 καὶ
623 3049 657 3112 οῖ
667 3045 760 3115 άλλοι
771 3050 844 3115 θεολ
856 3047 1085 3136 ἐβουλεύοντο,
1096 3048 1117 3118 ὁ
1129 3075 1161 3119 τι

153 3145 214 3229 χρη
227 3141 348 3221 αὐτοὺς
361 3150 510 3229 ποιῆσαι,
532 3145 586 3212 καὶ
602 3141 768 3232 ἠπόρουν·
793 3145 869 3213 οὔτε
885 3145 949 3233 γάρ
967 3143 1057 3226 ὅπως
1073 3145 1162 3217 ἀπο-

153 3247 314 3309 κτείναιεν
339 3239 425 3327 εἶχον
443 3242 496 3309 ναὶ
509 3238 619 3327 άσπερ
631 3242 709 3323 τούς
719 3249 873 3330 γίγαντας
885 3244 1161 3329 κεραυνόσαντες

152 3336 189 3406 τὸ
212 3342 306 3423 γένος
329 3340 526 3427 ἀφανίσαιεν
542 3381 583 3392 --
601 3345 638 3409 αἱ
652 3344 740 3429 τιμαὶ
756 3339 820 3428 γάρ
838 3340 949 3423 αύτοῖς
966 3346 1017 3412 καὶ
1032 3344 1105 3429 έερά
1117 3346 1159 3415 τά
