2408 3780
123 155 187 220 224
283 220 285 225 ⁴
485 158 771 218 ΠΛΑΤΩΝΟΣ
1094 167 1130 222 86

90 330 110 382 c
127 324 256 407 μανίαν.
275 315 317 386 οὐ
327 319 392 403 γάρ
403 313 446 385 όίν
457 326 498 405 τῇ
507 325 665 406 καλλίστη
675 321 787 405 τέχνη,
809 308 831 404 ᾖ
841 318 877 385 τό
890 322 1011 404 μέλλον
1022 326 1134 402 κρίνε-

126 444 195 501 ται,
208 412 288 484 αότὸ
303 421 403 483 τοῦτο
414 414 563 501 τοῦνομα
574 418 790 501 ἐμπλέκοντες
800 415 946 503 μανικὴν
956 418 1133 486 ἐκάλεσαν·

126 511 202 583 ἀλλ’
215 511 260 594 άς
271 521 378 582 καλοῦ
388 513 495 599 ὄντος,
507 513 590 582 όταν
601 519 679 601 θείηι
691 518 790 599 μοίρᾳ
801 521 963 603 γίγνηται,
975 514 1063 585 οὕτω
1075 541 1134 582 νο-

125 623 280 701 μίσαντες
291 619 428 700 ἐθεντο,
442 616 477 680 οί
486 612 521 681 δέ
532 620 598 680 νῦν
608 610 836 698 ἀπειροκάλως
849 611 886 680 τό
898 623 961 682 ταῦ
971 613 1136 700 ἐπεμβάλ-

126 720 240 792 λοντες
252 707 416 798 μαντικὴν
425 709 596 778 ἐκάλεσαν.
610 712 679 778 ἐπεὶ
689 713 745 779 καὶ
755 711 817 799 τήν
827 738 866 797 γε
876 720 946 780 τῦυ
957 710 1136 799 ἐμφρόνων

48 849 50 854 ·
128 810 262 898 ζήτησιν
277 817 340 879 τοῦ
356 811 533 895 μέλλοντος
551 807 604 877 διά
621 834 656 876 τε
681 806 832 894 ὀρνίθων
849 814 1060 896 ποιουμένων
1080 812 1136 877 καὶ

126 917 193 977 τῶν
205 908 317 977 άλλων
329 913 484 995 σημείων,
497 904 545 975 ἅτ’
558 909 594 975 ἐκ
604 912 751 987 διανοίας
761 913 986 994 ποριζομένων
998 906 1136 992 άνθρω-

127 1013 206 1095 πίνη
218 1007 323 1093 οίη’σει
334 1012 420 1089 νοῦν
430 1029 467 1074 τε
477 1007 532 1073 καὶ
543 1010 708 1093 ίστορίαν,
727 1005 950 1093 οίουοῐστικὴν
961 1007 1135 1092 ἐπωνόμα-

89 1121 110 1171 1)
129 1123 203 1187 σαν,
214 1099 257 1189 ἣν
269 1111 334 1171 νῦν
346 1103 557 1192 οίωυιστικηυ
567 1115 614 1195 τῷ
625 1099 879 1191 ιἰσεμνόνυντες
887 1111 923 1174 οί
930 1109 1000 1174 νέοι
1011 1114 1131 1174 καλοῦ-

127 1220 197 1269 σιν·
221 1200 290 1290 όσφ
313 1200 353 1289 δὴ
378 1195 443 1271 οόν
463 1203 663 1289 τελειότερον
686 1205 741 1271 καὶ
763 1204 974 1290 ἐντιμότερον
993 1201 1133 1291 μαντικὴ

128 1305 352 1386 οίωνιστικης,
375 1300 415 1368 τό
430 1327 465 1368 τε
483 1299 591 1388 ὄνομα
607 1310 670 1371 τοῦ
687 1300 850 1387 ὀνόματος
866 1308 967 1388 ἔργον
983 1300 1010 1369 τ’
1024 1307 1134 1387 ἐργου,

126 1396 215 1490 τόσφ
231 1399 369 1467 κάλλιον
385 1407 615 1486 μαρτυροῦσιν
631 1405 666 1469 οί
679 1402 811 1468 παλαιοὶ
822 1406 945 1485 μανίαν
957 1401 1136 1486 σωφροσύ-

128 1523 188 1583 νης
209 1496 272 1583 τη“ν
287 1500 322 1565 ἐκ
339 1506 426 1565 θεοῦ
441 1507 501 1585 της
517 1498 599 1584 παρ’
617 1498 810 1584 άνθράπων
821 1501 1025 1584 γιγνομένης.
1051 1497 1134 1568 άλλά

127 1592 195 1682 μὴν
206 1595 318 1663 νόσων
329 1621 367 1682 γε
379 1597 434 1663 καὶ
449 1595 563 1665 πόνων
572 1604 641 1664 τῶν
651 1603 832 1684 μεγίστων,
851 1594 873 1664 οἳ
885 1595 925 1683 δὴ
938 1605 1088 1664 παλαιῶν
1100 1602 1135 1664 ἐκ

126 1694 318 1782 μηνιμάτων
331 1697 440 1764 ποθὲν
456 1703 494 1764 ἐν
504 1715 570 1764 τισι
586 1703 654 1763 τῶν
669 1704 779 1781 γενῦν
795 1689 856 1783 ἦν,
881 1702 983 1781 μανία
1001 1698 1136 1780 ἐγγενο-

89 1810 109 1859 E
127 1798 209 1880 μέυη
220 1794 276 1860 καὶ
287 1792 546 1879 προφητεῦσασα
557 1787 606 1871 οἷς
617 1796 683 1860 ἔδει
693 1790 887 1879 άταλλαγὴυ
897 1794 1022 1879 εὕρετο,
1035 1821 1135 1861 κατα-

128 1897 284 1978 φυγοῦσα
296 1890 379 1973 πρός
388 1897 482 1958 θεῦν
493 1887 592 1978 εόχάς
602 1915 637 1960 τε
647 1893 703 1959 καὶ
720 1899 887 1978 λατρείας,
911 1889 995 1959 ὅθεν
1013 1890 1052 1972 δη
1072 1919 1135 1958 κα-

126 1994 272 2075 θαρμῶν
287 2013 323 2055 τε
340 1989 396 2056 καί
406 1995 546 2056 τελειοῦν
556 1996 703 2073 τυχοῦσα
714 1989 831 2073 ἐξάντη
843 1992 974 2072 ἐποίησε
984 1987 1043 2055 τόν
1056 1991 1136 2054 έαυ-

128 2094 188 2170 τῆς
205 2091 321 2172 ἔχοντα
338 2084 420 2170 πρός
436 2110 471 2150 τε
488 2082 549 2150 τόν
565 2083 715 2166 παρόντα
731 2085 786 2151 καὶ
802 2085 862 2151 τόν
879 2089 988 2150 ἔπειτα
1000 2085 1134 2169 χρόνον,

105 2247 107 2250 ⁴
128 2183 226 2251 λύσιν
235 2190 282 2271 τῷ
294 2180 408 2268 ὀρθῶς
417 2184 554 2266 μανέντι
568 2207 604 2248 τε
615 2184 670 2250 καὶ
682 2183 917 2270 κατασχομένη)
927 2189 996 2248 τῶν
1006 2182 1136 2265 παρόν-

59 2299 110 2353 ‘245
128 2277 502 2366 τωυκακῦνεῦρομένη.
523 2285 615 2365 τρίτη
630 2279 666 2347 δὲ
677 2277 742 2347 άπό
753 2287 909 2348 Μουσῶν
919 2279 1089 2366 κατοκωχή
1099 2308 1135 2347 τε

128 2379 182 2448 καὶ
194 2383 305 2464 μανία,
318 2383 468 2466 λαβοῦσα
478 2373 611 2463 ἁπαλὴν
621 2380 676 2444 καὶ
686 2376 813 2463 άβατον
827 2377 951 2465 ψυχήν,
963 2382 1135 2463 ἐγείρουσα

127 2478 182 2545 καὶ
193 2476 440 2566 ἐκβακχεύουσα
450 2475 533 2544 κατά
546 2501 579 2544 τε
591 2473 680 2565 ,ω’ἐόις
690 2479 746 2546 καὶ
756 2474 840 2544 κατά
850 2477 913 2564 τὴν
923 2475 1028 2564 άλλην
1039 2484 1134 2562 ποίη-

128 2595 198 2660 σιν,
210 2582 312 2660 μυρία
322 2580 390 2641 τῦν
401 2580 553 2641 παλαιάν
563 2578 644 2660 ἔργα
653 2582 826 2660 κοσμοῦσα
836 2572 917 2654 τοῦς
927 2577 1136 2661 ἐπιγιγνομέ-

129 2697 210 2750 νους
220 2671 383 2740 παιδεύει·
407 2668 443 2750 ὃς
454 2669 485 2738 δ’
500 2670 543 2738 άν
555 2669 638 2739 όίνευ
648 2679 768 2758 μανίας
781 2681 935 2743 Μουσῶν
946 2675 997 2742 ἐπὶ
1008 2698 1137 2760 ποιητι-

129 2767 191 2849 κάς
207 2770 318 2857 θόρας
334 2767 507 2856 άφίκηται,
530 2773 678 2851 πεισθεὶς
695 2768 740 2852 ός
757 2771 823 2856 όίρα
839 2775 876 2840 ἐκ
891 2777 1006 2858 τέχνης
1022 2772 1137 2852 ίκανός

128 2864 264 2954 ποιητὴς
274 2866 446 2954 ἐσόμενος,
464 2866 580 2954 άτελης
596 2866 697 2948 αῦτός
709 2896 744 2937 τε
761 2874 816 2939 καί
827 2869 848 2956 ἡ
861 2880 989 2957 ποίησις
998 2868 1065 2938 ὑπὸ
1078 2878 1137 2958 τῆς

128 2974 196 3035 νῦν
206 2963 447 3053 μαινομένωνὴ
460 2974 522 3033 τοῦ
532 2973 790 3051 σωφρονοῦντος
800 2966 982 3055 ἠφανίσθη.

89 3087 109 3135 Β
211 3071 317 3132 XXIII.
363 3071 516 3133 Τοσαῦτα
537 3066 650 3151 μέντοι
671 3067 727 3134 καί
747 3071 794 3134 ἐτι
815 3072 916 3133 πλείω
939 3072 1000 3151 ἐχω
1017 3073 1137 3152 μανίας

25 3224 30 3231 .
127 3165 324 3250 γιγνομένης
341 3161 405 3231 άπό
423 3170 516 3232 θεῶν
532 3166 640 3250 λέγειν
658 3162 740 3233 καλά
759 3169 852 3250 ἔργα·
876 3161 959 3232 όίστε
976 3164 1075 3232 τοῦτό
1097 3188 1136 3249 γε

128 3259 208 3328 αὐτό
220 3259 264 3348 μὴ
276 3261 479 3350 φοβοίμεθα,
498 3266 585 3349 μηδέ
591 3289 640 3343 τις
656 3261 742 3350 ἡμᾶς
757 3261 857 3348 λόγος
873 3269 1060 3350 θορυβείτω
1079 3267 1135 3330 δε-

122 3359 325 3445 θιττάιιενος,
349 3357 393 3439 τίς
414 3360 479 3447 πρό
502 3368 562 3429 τοῦ
583 3361 803 3446 κεκινημένον
823 3358 885 3428 τόν
906 3361 1065 3446 σάφρονα
1087 3366 1137 3426 δελ
