2408 3780
73 198 107 251 95
463 196 690 254 ΦΑΙΔΡΟΣ.
1017 198 1079 261 233

70 348 327 439 οῦδὲντίδεται,
349 359 500 439 νομίμων
511 355 546 422 δὲ
557 356 612 422 καὶ
624 351 854 441 εὐσχημόνων,
877 352 926 435 οἷς
936 359 1000 444 πρὸ
1017 367 1078 426 τοῦ

71 452 325 537 ἐκαλλωπίζετο,
345 450 481 518 πάντων
490 452 772 539 καταφρονήσασα
783 454 957 522 δουλεύειν
967 457 1076 545 ἑτοίμη

70 552 128 619 καὶ
136 559 321 637 κοιμάσδαι
333 549 420 620 ὅπου
432 546 477 619 άν
488 555 526 641 ἐᾷ
537 579 584 631 τις
595 553 762 638 ἐγγυτάτω
773 562 835 622 τοῦ
846 553 974 622 πόθου·
995 553 1078 640 πρός

71 647 136 742 γάρ
150 659 198 738 τῷ
208 652 367 737 σέβεσθαι
376 647 436 717 τόν
447 646 484 719 τό
496 650 618 729 κάλλος
627 653 743 736 ἔχοντα
755 648 869 737 ἰατρόν
881 650 1001 739 εὕρηκε
1012 654 1076 739 μό-

75 773 134 822 νον
142 755 211 815 τῶν
220 756 383 833 μεγίστων
395 745 517 815 πόνων.
542 754 640 815 τοῦτο
652 751 687 816 δὲ
698 747 734 816 τό
747 749 867 834 πάθος,
880 742 906 817 ῶ
917 752 1074 833 παῖκαλέ,
1091 765 1111 812 Β

70 843 155 929 πρός
171 842 212 912 όν
231 845 272 932 δή
289 871 347 931 μοι
364 843 382 914 ὁ
400 847 514 931 λόγος,
534 844 710 930 άνθρωποι
726 847 788 932 μὲν
800 845 929 932 Ἔρωτα
949 845 1076 935 ὀνομά-

70 949 179 1028 ζουσι,
201 943 277 1010 θεοὶ
294 941 330 1009 δὲ
347 939 365 1010 ό
383 950 544 1011 καλοῦσιν
564 939 710 1023 άκοῦσας
728 943 861 1023 εἰκότως
871 943 925 1012 διά
936 945 1074 1032 νεότητα

71 1039 212 1130 μελάσει.
236 1040 370 1126 λέγουσι
381 1043 433 1126 δέ,
453 1039 558 1127 οἶμαι,
576 1038 852 1129 τινδςὉμηριδῶν
863 1045 899 1111 ἐκ
910 1050 978 1111 τῶν
990 1040 1074 1110 άπο-

68 1143 182 1208 δέτων
198 1139 287 1204 ἐπῶν
305 1139 367 1205 δύο
386 1136 449 1224 ἔπη
459 1145 504 1216 εἰς
514 1135 720 1226 τόνἝρωτα,
744 1131 793 1207 ῶν
802 1139 839 1208 τό
851 1141 965 1226 ἕτερον
976 1137 1074 1230 ὑβρι-

69 1233 188 1303 στικόν
197 1233 288 1303 πάνυ
298 1233 404 1304 καλοῦ
417 1234 547 1324 σφόδρα
557 1263 588 1304 τι
599 1241 774 1323 ἔμμετρον·
791 1235 936 1324 ὑμνοῦσι
948 1243 984 1307 δὲ
995 1231 1074 1306 ῶδε·

154 1330 214 1400 τόν
225 1331 255 1400 δ’
269 1331 342 1419 ἤτοι
353 1337 472 1420 θνητοὶ
482 1334 543 1420 μὲν
554 1333 681 1420 Ἔρωτα
692 1342 832 1403 καλοῦσι
843 1336 999 1422 ποτηνόν,
1092 1350 1111 1400 G

155 1430 320 1500 άθάνατοι
332 1433 367 1501 δὲ
377 1439 550 1519 Πτέρωτα,
564 1430 619 1500 διά
631 1434 851 1519 πτερόφοιτον
862 1431 1019 1520 ἀνάγκην.

70 1527 201 1606 τούτοις
212 1528 251 1614 δη
265 1532 365 1607 ἔξεστι
375 1532 436 1615 μὲν
449 1536 643 1616 πείθεσθαι,
662 1535 764 1610 ἔξεστι
776 1533 811 1598 δὲ
822 1529 884 1617 μή·
905 1529 993 1617 ὅμως
1007 1533 1073 1620 δὲῆ

68 1651 107 1712 γε
124 1629 211 1693 αἰτία
227 1627 283 1693 καὶ
298 1625 336 1694 τό
355 1618 465 1706 πάθος
481 1634 549 1694 τῶν
560 1625 715 1712 ε’ρῶντων
724 1634 821 1695 τοῦτο
834 1631 939 1696 ε’κεῐνο
953 1631 1075 1716 τυγχά-

67 1748 121 1789 νει
131 1721 181 1791 όν.

153 1826 289 1888 XXXIII.
336 1828 412 1889 Τῶν
428 1821 491 1908 μὲν
506 1814 569 1889 οῦν
579 1819 662 1901 Διός
678 1820 814 1890 ὀπαδῶν
831 1820 848 1890 ὁ
867 1828 1007 1910 ληφθεὶς
1017 1828 1075 1910 ε’μ-

67 1917 289 2006 βροῦέστερον
299 1920 439 1987 δῦναται
454 1923 570 2006 φέρειν
585 1919 621 1988 τό
639 1928 702 1988 τοῦ
719 1922 938 2008 πτερωυόμου
955 1921 1073 2009 ἄχθος·

66 2013 142 2084 ὅσοι
159 2013 195 2084 δὲ
208 2012 333 2102 ’Ἀρεῶς
350 2043 385 2085 τε
401 2019 604 2102 θεραπευταὶ
621 2020 676 2086 καὶ
692 2015 762 2103 μετ’
777 2021 906 2086 ἐκείνου
918 2020 1074 2105 περιεπό-

67 2122 169 2197 λονν,
181 2113 263 2183 όταν
273 2113 481 2202 ὑπ’Ἕρωτος
492 2113 594 2184 ἁλῶσι
604 2122 664 2185 καί
669 2142 701 2184 τι
712 2122 874 2201 οἰηθῶσιν
886 2114 1073 2185 άδικεῖσδαι

65 2207 134 2278 ῦπό
153 2217 215 2278 τοῦ
234 2214 417 2298 ἐρωμένου,
441 2216 574 2299 φονικοὶ
590 2216 645 2281 καὶ
656 2216 779 2300 ἕτοιμοι
789 2215 1001 2302 καθιερεύειν
1012 2211 1074 2282 αῦ-

67 2307 146 2388 τοῦς
156 2334 191 2377 τε
202 2310 258 2376 καὶ
267 2306 308 2376 τά
320 2310 471 2378 παιδικά·
492 2313 548 2378 καὶ
560 2309 647 2378 οῦτω
659 2308 742 2379 καθ’
753 2311 894 2379 ἕκαστον
908 2313 1009 2394 θεόν,
1033 2304 1076 2378 οὗ
1092 2331 1114 2381 Ι)

64 2409 203 2495 ἕκαστος
213 2399 258 2493 ἦν
268 2409 435 2495 χορευτής,
451 2411 580 2476 ἐκεῖνον
589 2417 693 2495 τιμῶν
703 2435 738 2477 τε
749 2410 804 2476 καὶ
814 2409 1016 2496 μιμοῦμευος
1028 2416 1074 2488 εἰς

65 2502 103 2572 τό
117 2503 264 2573 δυνατόν
275 2512 328 2594 ζῇ,
346 2507 407 2586 ἕως
419 2501 463 2574 άν
473 2498 496 2596 ᾗ
505 2501 730 2595 ἀδιάφθορος,
751 2506 806 2573 καὶ
818 2503 880 2592 την
890 2510 968 2593 τῇδε
978 2506 1073 2591 πρῶ-

64 2630 129 2689 την
144 2605 276 2688 γένεσιν
293 2602 452 2691 βιοτεύει,
473 2606 529 2673 καὶ
546 2603 653 2694 τούτῳ
670 2612 718 2693 τῶ
736 2601 847 2693 τρόπω
857 2604 939 2688 πρός
950 2630 985 2671 τε
995 2601 1074 2683 τοῦς

66 2703 254 2785 ἐρωμένους
270 2702 325 2769 καὶ
338 2702 421 2789 πρός
434 2699 511 2781 τοῦς
523 2700 644 2782 άλλους
655 2698 764 2788 ὁμιλεῖ
772 2727 807 2769 τε
819 2703 873 2770 καὶ
884 2706 1072 2789 προσφέρε-

65 2825 127 2866 ται.
151 2799 211 2867 τόν
223 2825 258 2866 τε
268 2793 463 2885 οὖν”Ερωτα
474 2809 542 2868 τῶν
552 2808 666 2869 καλῶν
676 2799 760 2886 πρὸς
770 2801 898 2888 τρόπου
909 2804 1073 2889 ἐκλέγεται

64 2897 219 2983 ἕκαστος,
246 2898 302 2964 καὶ
324 2894 367 2976 ῶς
388 2895 472 2966 θεόν
494 2896 599 2967 αὐτόν
621 2903 749 2969 ἐκεῖνον
770 2899 850 2968 όυτα
873 2901 977 2989 ἕαυτῶ
1000 2894 1074 2967 οἷον

65 2991 199 3080 ῦναλμα
219 3001 423 3063 τεκταίνεταί
440 3022 475 3064 τε
496 2997 552 3066 καὶ
573 3012 789 3084 κατακοσμεῖ,
813 2996 857 3077 ῶς
873 2997 1021 3083 τιμήσων
1039 3021 1074 3062 τε

65 3093 120 3159 καὶ
132 3089 307 3178 όρμιάσων.
331 3097 365 3160 οἱ
373 3094 435 3179 μὲν
447 3091 487 3181 δὴ
499 3087 562 3162 οὗν
570 3095 653 3174 Διός
663 3096 750 3163 Δῖόν
760 3121 834 3164 τινα
845 3093 928 3162 εἶναι
939 3099 1072 3181 ζητοῦσι
1089 3109 1111 3159 Ε
1174 3098 1182 3129 ³

65 3187 126 3274 τὴν
144 3188 255 3278 ψυχῶν
266 3188 326 3259 τόν
343 3189 403 3276 ὑφ’
418 3187 725 3277 αῦτῶνέρῶμευον·
748 3197 933 3259 σκοποῦσιν
945 3182 1024 3276 οῦν,
1046 3195 1077 3259 εἰ
1163 3234 1173 3275 ·;

66 3287 253 3377 φιλόσοφός
270 3315 305 3357 τε
321 3287 655 3378 ααὶὴγεμονικόςτὴν
666 3292 787 3376 φῦσιν,
810 3289 865 3357 καὶ
877 3287 959 3357 όταν
970 3286 1075 3358 αὐτόν
1174 3296 1187 3375 “,.

65 3384 223 3471 εὑρόντες
238 3389 424 3476 ἐρασδῶσι,
447 3397 515 3456 πᾶν
531 3396 687 3458 ποιοῦσιν
704 3386 795 3468 ὅπως
811 3395 965 3467 τοιοῦτος
974 3391 1079 3455 ἔσται.
1181 3378 1187 3460 ’,
