2408 3780
152 194 216 260 114
513 195 800 255 ΠΛΑΤΩΝΟΣ

238 361 341 423 ΠΡΩ.
374 362 546 441 Πειράμαι
562 357 639 442 μέν,
664 347 690 421 ά
712 354 903 440 Σώκρατες·
926 355 1100 442 πειράθητι
1123 357 1158 426 δὲ

154 459 207 524 καὶ
220 454 263 524 σύ
277 457 481 538 σαφέστερον
493 458 538 521 ἔτι
549 457 666 539 λέγειν.

238 558 304 621 ΣΩ
347 554 440 638 Λέγω
460 551 499 638 δή
520 555 574 620 καὶ
591 560 660 620 των
676 558 802 638 φωνάν
819 551 877 632 τάς
895 561 983 634 λείας
1000 554 1054 621 καὶ
1075 563 1160 640 λαμ-

154 652 254 740 πράς,
266 650 325 730 τάς
337 652 374 718 ἕν
384 678 414 718 τι
427 651 580 738 καθαρὸν
591 656 692 728 ἱείσας
702 653 814 735 μέλος,
827 648 869 717 ού
880 643 963 737 πρὸς
975 653 1088 737 ἕτερον
1099 679 1159 720 κα-

157 751 215 831 λάς
233 748 307 819 ἀλλ’
319 746 421 828 αὐτάς
433 746 514 816 καθ’
527 746 629 827 αὑτάς
641 745 740 834 εἶναι,
763 749 955 817 καὶτούτων
967 751 1160 838 ξυμφύτους

152 848 277 938 ήθονάς
289 850 458 935 ἑπομένας.

236 955 338 1016 ΠΡΩ.
364 947 453 1015 Ἔστι
463 945 527 1032 γάρ
538 938 601 1015 οὖν
611 948 667 1013 καὶ
677 952 785 1012 τοῦτο.

116 1074 135 1123 ς
239 1053 312 1115 Σίλ.
350 1045 395 1113 Τὸ
415 1045 450 1114 δὲ
469 1048 543 1129 περὶ
559 1043 617 1124 τάς
629 1042 732 1130 ὀσμάς
742 1035 842 1130 ἧττον
852 1044 914 1132 μὲν
923 1046 1052 1115 τούτων
1062 1057 1161 1116 θεῖον

153 1152 250 1233 γένος
264 1142 411 1231 ἡδονάν·
435 1141 471 1211 τὸ
485 1147 520 1211 δὲ
531 1141 574 1231 μή
590 1152 815 1229 συμμεμῖχθαι
826 1145 862 1211 ἐν
873 1141 987 1223 αύταῑς
998 1145 1160 1231 άναγκαί-

153 1271 211 1322 ους
228 1242 350 1325 λύπας,
372 1245 427 1310 καὶ
444 1242 510 1330 ὅπη
527 1249 624 1309 τοῦτο
643 1245 697 1309 καὶ
715 1246 751 1310 ὲν
768 1238 833 1330 ὅτῳ
850 1241 1003 1327 τυγχάνει
1020 1241 1160 1329 γεγονὸς

153 1340 249 1429 ἡμῖν,
272 1338 363 1409 τοῦτ’
378 1342 516 1421 ἐκείνοις
526 1349 641 1426 τίθημι
653 1337 877 1426 ἀντίστροφον
888 1339 985 1408 άπαν.
1020 1339 1108 1429 ἄλλ’,
1131 1348 1162 1410 εί

154 1455 340 1525 κατανοεῖς,
354 1449 458 1509 ταύτα
470 1447 539 1528 είάη
552 1440 613 1507 δύο
625 1441 814 1524 λεγομένων
823 1436 963 1525 ἡδονάν.

234 1545 337 1607 nm.
370 1547 542 1608 Κατανοῶ.

100 1659 136 1711 52
235 1645 310 1706 252.
338 1637 406 1706 Ἔτι
423 1636 462 1724 δή
481 1645 598 1706 τοίνυν
608 1636 738 1715 τούτοις
748 1643 952 1722 προσθῶμεν
962 1634 1020 1714 τὰς
1032 1640 1105 1722 περὶ
1117 1635 1156 1704 τά

152 1736 331 1823 μαθήματα
342 1733 480 1822 ἡδονάς,
493 1742 523 1804 εί
532 1734 597 1823 άρα
610 1739 768 1804 δοκοῦσιν
778 1732 858 1822 ήμῖν
869 1726 965 1803 αὗται
976 1741 1090 1815 τείνας
1098 1735 1157 1822 μὲν

151 1833 195 1921 μή
214 1841 299 1920 ἔχειν
316 1842 376 1901 τοῦ
394 1834 582 1921 μανθάνειν
593 1834 673 1920 μηδὲ
686 1832 740 1902 διά
751 1834 957 1920 μαθημάτων
969 1841 1086 1921 πείνην
1097 1832 1160 1902 άλ·

153 1933 297 2018 μηάόνας
308 1935 341 2013 ἐξ
352 1929 453 2019 ἀρχῆς
463 1935 651 2018 γενομένας.

234 2035 336 2097 Hm.
371 2026 457 2098 Ἀλλ’
470 2029 557 2098 οὕτω
570 2032 729 2110 ξυνδοκεῖ.

236 2136 310 2196 Σίὶ.
347 2135 387 2196 Τί
403 2131 453 2209 θές
474 2131 682 2216 μαθημάτων
698 2137 925 2216 πληρωθεῐσιν
944 2129 1161 2214 ἐάνῧστερον

152 2224 313 2314 ἀποβολαὶ
325 2226 380 2295 διά
391 2235 449 2314 τής
460 2228 566 2316 λήθης
577 2235 756 2315 γίγνωνται
763 2280 771 2313 ,
784 2237 933 2319 καθορᾷς
943 2226 1035 2308 τινάς
1047 2232 1084 2297 ἐν
1096 2227 1161 2297 αύ-

151 2338 220 2404 ταϊς
232 2323 434 2412 άλγηιλόναςς

235 2432 338 2494 Hm.
374 2425 427 2492 Ού
444 2452 474 2492 τι
492 2425 593 2511 φύσει
609 2451 663 2513 με,
685 2423 759 2494 ἀλλ’
781 2431 818 2494 ἒν
835 2446 900 2493 τισι
919 2432 1171 2512 λογισμοῑςτοά·

113 2541 133 2591 Β
154 2524 364 2610 παθήματος,
377 2522 457 2591 ὅταν
469 2549 516 2602 τις
528 2527 699 2610 στερηθεὶς
709 2533 847 2613 λυπηθή
859 2523 911 2592 διά
923 2522 985 2611 τήν
996 2530 1121 2610 χρείαν.

236 2630 312 2690 ΣΩ.
344 2625 410 2690 Καὶ
432 2621 514 2706 μήν,
538 2613 565 2688 ά
587 2624 742 2711 μακάριε,
765 2632 830 2692 νῦν
851 2650 888 2709 με
905 2622 998 2710 ήμείς
1015 2621 1103 2691 αὐτοὶ
1120 2623 1163 2692 τά

151 2729 208 2808 τῆς
226 2718 358 2805 φύσεως
375 2718 480 2806 μόνον
498 2718 676 2806 παθήματα
688 2728 785 2810 χωρὶς
797 2731 859 2792 τού
870 2731 1031 2810 λογισμοῦ
1044 2728 1159 2793 maus·
1199 2810 1202 2817 Ι

153 2826 320 2903 ραίνομεν.

236 2922 339 2982 nm.
368 2914 494 3002 Ἀληθή
510 2924 625 2985 τοίνυν
642 2924 760 3005 λέγεις,
783 2920 834 2989 ὅτι
852 2923 950 3008 χωρὶς
961 2921 1071 3008 λύπης
1081 2917 1162 3009 ἡμῖν
1195 2932 1202 3013 ζ

151 3015 240 3102 λήθη
252 3020 398 3099 χίχνεται
411 3013 562 3082 ἑκάστοτε
574 3020 611 3084 ἐν
620 3032 687 3097 τοῖς
697 3020 899 3107 μαθήμασιν.

236 3118 312 3183 ΣΩ.
353 3111 483 3191 Ταύτας
503 3122 619 3183 τοίνυν
642 3115 699 3195 τὰς
720 3125 787 3185 τάν
809 3117 1017 3205 μαθημάτων
1034 3114 1160 3205 ἡδονάς

152 3212 309 3299 άμίκτους
320 3237 354 3279 τε
366 3210 449 3279 είναι
460 3212 578 3294 λύπαις
588 3217 706 3301 ῥητέον
717 3217 770 3284 καὶ
782 3215 935 3304 ούάαμῶς
946 3224 1014 3285 τῶν
1023 3220 1159 3285 πολλῶν

150 3311 347 3395 άνθράπωυ
357 3307 440 3376 άλλά
453 3317 500 3377 τά
503 3337 520 3376 ν
533 3311 663 3399 σφόδρα
677 3311 807 3398 ὀλίγων.

222 3414 333 3476 Hm.
367 3406 577 3501 Πάςχάρού
588 3413 720 3501 ρητέονχ
