2408 3780
70 39 84 131 λ

161 113 198 168 89
551 107 785 170 ΦΑΙΔΡΟΣ.
1103 108 1165 174 227

163 279 353 362 διακοσμῶν
367 275 475 344 πάντα
493 279 549 346 καί
558 278 830 367 ἐπιμελούμενος·
844 282 892 370 τῷ
903 278 929 347 δ’
945 285 1058 348 ἕπεται
1066 302 1163 369 στρα-

71 414 76 477 j
160 373 216 445 τιά
236 382 330 445 θεῶν
343 404 380 447 τε
396 379 452 447 καὶ
463 378 650 468 δαιμόνων
670 378 752 450 κατά
766 383 885 449 ἕνδεκα
899 386 981 501 μέρη
1001 403 1189 505 κεκρσμη-λ

70 488 74 499 ’
160 483 261 568 μένη·
275 483 368 568 μενει
381 508 445 568 γαρ
455 476 564 552 Εστία
573 486 610 552 ἐν
623 487 805 575 θεωνοίκω
815 482 917 573 μόνη
931 512 999 552 των
1009 485 1044 552 δε
1055 482 1166 553 αλλων

159 578 233 650 ὅσοι
248 585 286 651 έν
298 610 345 676 τρι
358 610 427 652 των
437 582 711 677 δύδεκαάριθμρι
721 589 914 674 τεταγμένοι
923 585 1031 656 &soff
1010 614 1166 716 αρχοντες

160 678 322 772 ήχούνται
334 711 419 755 κατα
406 683 559 769 τάξιν“
538 715 580 775 ην
594 692 728 767 ἕκαστος
737 686 870 777 ἐτάχθη.
900 690 1063 758 πολλαὶ
1029 719 1090 813 μεν
1104 693 1167 758 ούν

160 788 218 855 καί
223 814 383 877 μακαριαι
391 790 469 857 θέαι
478 815 513 857 τε
527 792 583 859 καί
597 792 738 874 διέξοδοι
753 787 892 871 έντὸς’
853 797 1011 880 ουρανού,
1027 789 1062 871 άς
1076 796 1167 860 θεων

161 889 258 975 γένος
267 886 478 981 εὐδαιμόνων
488 894 731 982 ἐπιστρέφεται,
745 892 901 983 πράττων
910 899 1045 975 ἕκαστος
1055 892 1166 963 αὐτων

160 988 199 1060 τδ
213 987 329 1082 αὑτοῦ,
344 997 457 1065 ἕπεται
467 993 504 1062 δὲ
518 989 536 1062 ὁ
550 992 602 1063 άεὶ
616 998 745 1066 ἐθέλων
753 1023 788 1065 τε
796 999 852 1066 καί
862 997 1063 1085 δυνάμενος·
1078 996 1165 1085 φθό-

159 1120 219 1175 νος
236 1093 302 1186 γάρ
315 1100 377 1180 ἔξω
390 1104 490 1167 θείου
503 1102 604 1188 χοροῦ
617 1103 761 1168 ἵσταται·
776 1096 857 1168 ὅταν
872 1099 908 1168 δὲ
918 1099 958 1187 δή
973 1098 1055 1187 πρὸς
1070 1104 1166 1169 δαῖτα

160 1198 219 1266 καὶ
236 1200 292 1268 ἐπὶ
305 1207 428 1289 θοίνην
439 1210 545 1286 ίωσιν,
560 1199 668 1288 άκραν
684 1196 750 1270 ὑπὸ
763 1200 825 1290 τήν
837 1198 1045 1289 ὑπουράνιον
1060 1199 1165 1284 ἁψῖδα
1182 1219 1202 1268 Β

161 1299 361 1389 πορεύονται
388 1300 470 1390 πρὸς
491 1298 632 1384 άνανιες
652 1301 732 1393 ήδη·
759 1303 799 1373 τά
819 1305 881 1393 μὲν
900 1310 993 1374 θεῶν
1020 1303 1167 1393 ὀχήματα

161 1403 347 1493 ἰσορρόπως
362 1401 569 1493 εύήνιαὸντα
579 1411 703 1498 ῥᾳδίως
712 1407 901 1494 πορεύεται,
916 1405 955 1474 τά
968 1408 1004 1475 δὲ
1014 1405 1097 1474 άλλα
1107 1406 1165 1493 μό-

160 1525 229 1593 γις·
242 1512 357 1596 βρίθει
371 1506 434 1597 γάρ
448 1504 465 1576 ὃ
480 1512 537 1595 τῆς
551 1507 653 1595 κάκης
667 1514 767 1587 ἵππος
781 1511 943 1596 μετέχων,
961 1511 1015 1577 ε’πί
1029 1507 1089 1594 τήν
1103 1513 1167 1595 χήν

162 1611 277 1697 ῥέπων
289 1638 325 1679 τε
338 1612 394 1680 καὶ
408 1610 583 1701 βαρύνων,
600 1601 628 1702 ᾦ
640 1609 684 1699 μή
698 1616 806 1690 καλῶς
819 1602 843 1700 ή
856 1614 1086 1700 τεθραμμένος
1100 1615 1167 1678 τῶν

161 1708 322 1801 ἡνιόχων·
337 1720 423 1782 ἔνθα
438 1711 480 1802 δή
492 1712 592 1793 πόνος
606 1739 641 1780 τε
655 1714 710 1781 καὶ
724 1711 816 1799 άχών
831 1721 964 1801 ἔσχατος
979 1717 1070 1802 ψυχή
1084 1712 1165 1800 πρό-

161 1840 279 1885 κειται.
306 1819 345 1884 αί
353 1815 416 1904 μὲν
429 1814 492 1905 γάρ
506 1813 670 1886 άθάνατοι
684 1814 904 1906 καλούμεναι,
919 1813 1010 1905 ἡνίκ’
1026 1813 1070 1884 άν
1084 1814 1167 1903 πρὸς

162 1912 256 2009 άκρρι
269 1921 448 2005 γένωνται,
464 1923 524 2002 ἔξω
538 1927 757 2006 πορευθεῖσαι
771 1925 911 2007 ἔστησαν
921 1921 974 1988 ἐπὶ
985 1923 1033 2010 τῷ
1040 1915 1164 1986 τούού-
1191 1934 1204 1972 ε

161 2024 270 2108 ρανού
282 2019 390 2114 νεάτῳ,
404 2021 525 2102 στάσας
541 2021 576 2090 δὲ
590 2017 691 2098 αύτάς
700 2021 851 2109 περιάγει
861 2018 881 2110 ή
890 2020 1066 2111 περιφορά,
1082 2025 1118 2088 αἱ
1131 2020 1167 2089 δὲ

15 2157 35 2173 τ
122 2184 125 2189 .
161 2128 334 2212 θεωροῦσι
349 2122 389 2193 τά
402 2128 464 2207 ἔξω
479 2129 539 2195 τού
552 2119 707 2211 ούρανοῦ.

247 2237 363 2299 xxvu.
401 2225 468 2296 Τὸν
482 2227 518 2296 δὲ
532 2223 778 2313 ύπερουράνιον
790 2227 893 2295 τόπον
907 2225 983 2296 ούτε
998 2254 1047 2305 τις
1060 2224 1166 2313 ὕμνη-

22 2328 32 2345 “
113 2388 116 2393 ,
160 2332 205 2401 σέ
215 2353 268 2397 πω
281 2333 350 2399 τάν
363 2334 444 2419 τῇδε
458 2327 594 2418 ποιητής
607 2326 684 2398 ούτε
699 2325 781 2397 ποθ’
803 2325 942 2417 ὑμνήσει
964 2325 1038 2396 κατ’
1060 2325 1166 2412 άξίαν,

10 2457 40 2480 ·-
159 2439 232 2521 ἔχει
247 2430 284 2500 δὲ
298 2422 373 2502 ω’δε.
396 2434 574 2522 τολμητέον
587 2431 651 2520 γάρ
665 2420 728 2499 ούν
741 2428 778 2498 τό
791 2458 829 2518 γε
840 2428 962 2518 ἄληθες
977 2438 1094 2515 είπελν,
1109 2426 1166 2497 άλ-

10 2536 11 2547 ’
102 2566 105 2571 ’
160 2544 232 2615 λως
249 2537 354 2605 τεκαὶ
368 2537 444 2624 περὶ
457 2532 617 2623 άληθείας
630 2537 778 2620 λέγοντα.
812 2528 833 2622 ή
847 2532 910 2620 γάρ
925 2530 1118 2623 άχριόματύς
1132 2559 1168 2600 τε

98 2696 101 2701 ,
159 2634 261 2711 κάλ’
241 2636 480 2727 ασχημάτιστος
499 2634 595 2707 καὶ’
575 2634 706 2724 αναφής
727 2632 866 2704 ούσία’
847 2633 951 2715 ὁντως
964 2639 1071 2723 ψυχῆς
1084 2624 1168 2703 οὖσα

160 2740 354 2829 κυβερνήτῃ
368 2740 460 2834 μόνω
473 2738 626 2832 θεατή
592 2760 657 2808 νω·
649 2735 783 2865 περὶ
761 2736 849 2825 ηντὸ
863 2742 920 2827 τῆς
933 2737 1082 2827 άληθούς
1096 2741 1167 2806 ἐπι

161 2840 290 2932 στήμης
302 2846 398 2931 γένος
411 2848 529 2914 τούτου
543 2851 609 2931 ἔχει
622 2870 683 2930 την
690 2866 801 2911 τοπον
816 2838 864 2910 ἅτ’
873 2869 935 2911 ουν
942 2846 1028 2911 θεον
1036 2840 1166 2909 διάνοια
1192 2862 1198 2896 ¹

161 2948 217 3039 νῷ
231 2972 267 3015 τε
280 2948 337 3016 καὶ
350 2943 544 3037 έπιστήμη’
524 2944 678 3038 ακηράτρι
693 2949 878 3032 τρεφομένη
892 2941 979 3015 καὶ
962 2943 1090 3029 απάσης
1103 2956 1168 3021 νυ

87 3052 90 3057 ’
163 3052 237 3138 xie>
251 3045 363 3138 ῡθηὸἶν
375 3053 478 3139 μέλλῃ
491 3048 528 3118 τὸ
542 3070 709 3137 προσηκον
717 3050 911 3130 δέξεσθαι,
897 3050 1015 3116 δουσα
1025 3041 1080 3111 δια
1093 3041 1168 3131 χρό-

164 3178 232 3223 νου
251 3150 289 3221 τὸ
308 3148 349 3221 δν
367 3149 480 3245 άγαπᾷ
493 3179 528 3220 ιε
543 3155 599 3220 καὶ
611 3153 789 3240 θεωροῦσα
802 3144 932 3235 τάληθή
944 3151 1099 3234 τρέφεται
1113 3146 1170 3214 καὶ

168 3251 360 3340 εύπαθεῑ,
340 3281 401 3334 εως
414 3251 457 3324 άν
471 3256 582 3346 κύκλῳ
595 3250 616 3343 ή
629 3278 795 3341 περιφορα
782 3249 856 3330 είς
869 3246 1169 3336 ταύτόνπεριενέγ-

105 3396 108 3401 ’
167 3384 214 3447 κη
220 3324 657 3449 ένδὲτήπεριόδρικάθορρῖ
664 3350 1084 3471 μὲναύτήνδικαιοσύνην,
1084 3361 1174 3417 καθ

156 3486 236 3549 ορμ
223 3460 296 3529 ’δέ
297 3460 537 3551 σωφροσύνην,
554 3466 691 3557 καθορᾷ
708 3459 745 3532 δὲ
763 3458 979 3550 ἐπιστήμην,
967 3453 1097 3609 ,συχνή
1067 3441 1194 3530 ’χένῑ

1021 3568 1060 3618 Χ
