2408 3780
58 196 92 251 61
132 183 133 186 “
252 183 577 245 ΑΛΚΙΒΙΑΔΗΣ
595 182 862 243 ΔΕΥΤΕΡΟΣ.
1000 180 1061 245 331

58 343 215 415 τάναντία
226 342 355 412 τούτων
365 342 584 411 πεπόνθασιν.
597 336 661 426 ἐγώ
673 340 735 425 μὲν
744 336 809 426 γάρ
821 338 914 427 οἶμαί
922 363 958 410 σε
970 353 1063 428 προῖ-

59 471 134 527 τον,
156 452 188 511 εί
202 462 254 510 σοι
270 439 420 528 ἐμφανὴς
435 440 612 526 γενόμενος
622 434 640 507 ὁ
652 437 732 516 θεὸς
746 435 829 521 πρὸς
840 435 881 505 δυ
890 441 1063 526 τυγχάνεις

59 541 293 626 πορευόμενος,
303 537 485 626 ἐρωτήσειε,
495 538 573 620 πρὶν
582 533 696 605 ὁτιοῦν
705 533 869 615 εὔξασθαί
875 556 922 619 σε,
931 542 962 604 εί
967 539 1064 623 ἐξαρ-

59 642 148 707 κε’σει
159 658 212 704 σοι
222 636 390 720 τύραννον
400 636 560 720 γενέσθαι
571 641 628 719 της
636 630 823 718 Ἀθηναίων
833 635 973 713 πόλεως·
987 641 1017 702 εί
1027 637 1063 702 δὲ

59 743 157 803 τοῦτο
170 740 300 820 φαῦλον
310 729 450 818 ἡγήσαιο
462 732 516 799 καὶ
527 727 571 816 μὴ
582 732 665 815 μέγα
675 757 722 815 τι,
735 737 897 816 προσθείη
909 733 964 800 καὶ
977 730 1062 798 πάν-

59 859 126 901 των
143 839 210 900 τῶν
221 827 401 916 Ἐλλήνων·
426 832 457 894 εί
471 829 510 895 δέ
524 845 561 894 σε
580 824 669 916 ὁρῴη
686 831 733 893 ἔτι
748 831 882 895 ἔλαττον
897 832 1061 895 δοκοῦντα
1077 839 1097 889 Β

59 936 161 1016 ἔχειν,
184 934 215 996 εί
223 929 267 1013 μὴ
279 927 334 995 καὶ
345 925 451 1012 πάσης
461 923 627 1010 Εὐρώπης
638 921 798 1011 ὑποσταίη
810 946 878 1008 σοι,
897 927 1060 995 καὶτοῦτο

59 1026 102 1114 μὴ
116 1026 222 1113 μόνον
234 1022 410 1108 ὑποσταίη,
423 1019 617 1107 αὐθημερόν
629 1040 691 1088 σου
701 1024 909 1107 βουλομένου
920 1020 963 1101 ὡς
974 1022 1062 1090 πάν-

59 1151 116 1202 τας
133 1150 153 1189 α
155 1121 371 1208 λυθήσεσθαι,
394 1117 445 1187 ὅτι
463 1116 667 1205 Ἀλκιβιάδης
683 1117 701 1187 ὁ
720 1125 878 1188 Κλεινίου
899 1119 1062 1204 τύραννός

59 1225 165 1289 ἐστιν
178 1216 281 1287 αὐτὸν
292 1216 382 1305 οἶμαι
396 1215 439 1285 άν
449 1237 487 1285 σε
498 1214 629 1285 ἀπιέναι
640 1240 797 1303 περιχαρη
784 1216 1003 1303 γενόμενον,
1018 1213 1062 1296 ὡς

59 1327 127 1386 τῶν
138 1323 300 1405 μεγίστων
310 1313 451 1400 αμαθοιυ
461 1314 673 1400 κεκυρηιιότα.

145 1421 215 1483 ΛΑ.
244 1410 376 1498 Ἐγοδμὲ
377 1439 398 1479 ν
416 1404 573 1498 οίμαι,
546 1438 572 1479 οι
589 1411 782 1530 Σώκρατες,
801 1408 866 1479 κάν
881 1409 1018 1480 άλλον“
1001 1438 1062 1480 ον-

58 1521 175 1580 τινοῦν
181 1520 294 1598 ,εἴπερ
305 1517 440 1577 τοιαῦτα
452 1513 590 1594 ξυμβαίη
603 1505 703 1603 αυτῷ.

144 1563 219 1676 Σίῖ.
248 1603 345 1674 Ἀλλδι
355 1610 466 1692 μέντοι
476 1603 552 1672 ιἰντί
559 1630 596 1689 με
608 1597 664 1690 της
674 1613 733 1691 σῆς
745 1612 850 1691 ψυχῆς
861 1598 969 1672 οὐδ”1
947 1631 989 1672 αν
1001 1603 1062 1690 τὴν
1081 1619 1101 1671 G

59 1709 195 1777 πάντων
210 1704 375 1791 Ἑλλήνων
392 1729 426 1771 τε
438 1730 492 1772 ιιαι
483 1703 689 1789 βαρβάρων
704 1702 860 1788 χάραυτε
874 1703 1061 1786 καὶτυραυ-

62 1811 134 1875 νίδα
145 1810 344 1892 βουληθείης
355 1820 408 1869 σοι
417 1806 584 1887 γενέσθαι.

144 1909 213 1971 ΑΛ.
247 1898 320 1970 Οὐκ
332 1899 420 1986 οἶμαι
432 1905 543 1984 ἔγωγε.
555 1906 624 1978 τοῖς
634 1894 699 1984 γάρ
711 1894 763 1982 άν,
775 1898 883 1983 μηθέν
894 1900 933 1982 με’
942 1922 970 1963 τι
982 1898 1062 1983 με’λ-

59 2011 128 2071 λων
139 1998 249 2080 αὐτοίς
262 1997 458 2086 χρήσεσθαι;

96 2116 99 2121 ’
145 2105 219 2167 Σίλ.
257 2104 298 2166 Τί
311 2093 342 2164 δ’
362 2101 392 2164 εί
407 2099 536 2181 μέλλοις
552 2103 662 2175 κακῶς
678 2120 712 2162 τε
729 2096 784 2162 καὶ
800 2100 970 2181 βλαβερῶς
980 2102 1062 2181 χρῆ-

59 2206 157 2277 σθαι;
180 2192 253 2262 οὐδ’
268 2190 310 2261 άν
322 2192 443 2274 οὕτως;

144 2299 214 2360 ΑΛ.
250 2288 402 2377 ονομα.

143 2396 180 2456 V.
225 2393 299 2455 Σίδ.
328 2384 427 2475 Ὁρᾷς
444 2379 507 2453 οὖν
521 2383 564 2465 ὡς
581 2383 643 2454 οὐκ
660 2384 806 2472 ἀσφαλὲς
821 2387 899 2455 οὔτε
916 2383 956 2454 τὰ
971 2386 1062 2454 διδό-

59 2513 143 2572 μενα
154 2491 225 2573 είιιῇ
237 2486 392 2569 δέχεσθαί
402 2492 458 2569 [τε]
471 2481 546 2551 οὔτε
558 2481 663 2552 αὐτδν
675 2482 831 2569 εὔχεσθαι
841 2489 1014 2571 γενέσθαι,
1033 2493 1067 2551 εί

58 2590 99 2670 με’
119 2610 166 2662 τις
184 2582 390 2668 βλάπτεσθαι
405 2585 516 2666 μέλλοι
532 2579 586 2649 διὰ
602 2589 706 2649 ταῦτα
722 2577 743 2668 η’
764 2578 801 2650 τδ
823 2580 981 2665 παράπαν
1002 2589 1063 2648 τοῦ

58 2689 135 2770 βίου
147 2679 385 2766 ἀπαλλαγῆναι.
399 2677 545 2758 πολλοὺς
555 2677 587 2748 δ’
601 2675 644 2748 δυ
655 2686 783 2766 ἔχοιμεν
795 2686 907 2765 εἰπεῖν,
918 2676 993 2749 ὅσοι
1003 2704 1062 2745 τυ-
1079 2690 1102 2739 1)

61 2783 215 2866 ραννίδος
225 2777 490 2865 ἐπιθυμήσαντες
500 2774 561 2864 ἤδη
573 2779 628 2846 παλ
639 2777 885 2857 σπουδάσαντες
895 2773 987 2845 τοῦτ’
999 2773 1064 2843 ατί·
1173 2814 1188 2849 ,-

59 2891 127 2955 τοῖς
137 2878 399 2964 παραγενέσθαι,
413 2873 456 2955 τίς
466 2873 596 2961 άμαθόν
604 2903 636 2943 τι
646 2875 844 2962 πράξαντες,
863 2876 918 2943 διὰ
931 2872 993 2961 τὴν
1003 2898 1064 2940 τυ·
1159 2866 1188 2927 --ἶ

59 2978 199 3061 ραυυίδα
216 2970 553 3062 ἐπιβουλευθιντες
519 3000 577 3042 τον
586 2981 663 3061 βιον
674 2970 902 3060 αφηρίθησαν
925 2969 1015 3057 οἶμαι
1025 2968 1066 3037 δά

61 3092 98 3138 σε
111 3068 172 3139 οὐκ
184 3068 331 3157 ἀνήκοον
348 3069 431 3138 εἶναι
442 3069 559 3156 ἔνιοίγε
570 3071 666 3157 χθιζά
676 3096 711 3139 τε
723 3072 777 3139 καὶ
788 3065 911 3154 πραίζα
922 3092 1061 3154 γεμενηε

60 3170 160 3255 μένα,
183 3166 237 3235 ὅτε
253 3167 425 3253 Ἀρχέλαον
442 3167 502 3237 τὸν
520 3169 731 3237 Μακεδόνων
748 3168 917 3250 τύραννον
932 3163 972 3235 τά
984 3189 1064 3233 παι-

60 3264 153 3351 δικά,
175 3268 360 3349 ἐρασθέντα
377 3292 434 3350 της
450 3270 646 3350 τυραννίδος
656 3255 796 3334 οὐθὲν
773 3290 873 3351 ηττον
884 3260 968 3350 ἤπερ
979 3192 1131 3347 &usi-,37

58 3387 117 3440 νος
128 3370 194 3431 τῶν
206 3367 384 3449 ταιδικοιν,
397 3360 612 3433 ἀπέκτεινε
578 3390 638 3433 τον
647 3360 823 3451 ἐραστὴυ’
802 3390 844 3443 ως
855 3357 1020 3449 τύραννός
1028 3382 1067 3445 τις
