2408 3780
142 173 206 238 244
502 176 788 238 ΠΛΑΤΩΝΟΣ
1095 138 1145 241 Ιδθ
1176 190 1184 213 ”

144 340 276 415 δέοντος
286 335 562 423 λελοιδορηιιαμεν
572 338 634 422 τὴν
644 342 712 403 τῶν
723 336 833 420 λόγων
844 340 978 424 τέχνην;
990 333 1010 424 ἡ
1023 334 1055 404 δ’
1068 346 1147 417 ίσως
1181 358 1185 363 ·

144 430 188 501 ἀν
200 442 301 501 είποι·
322 439 356 501 τί
364 430 452 518 ποτ’,
466 425 704 520 ύθαυμάσιοι,
717 441 860 518 ληρεῖτες
882 432 946 519 ἐγω
957 435 1022 521 γάρ
1033 432 1144 504 οὐδέν’

143 529 332 616 ἀγνοοῦντα
352 527 494 615 τάληθὲς
516 527 688 614 ἀναγκάζω
707 528 895 615 μανθάνειν
913 536 1038 618 λέγειν,
1061 528 1145 616 ἀλλ’,

144 637 177 695 εί
183 654 232 707 τις
247 624 306 713 έμη
327 626 515 712 ξυμβουλή,
537 626 741 712 κτησάμενος
758 629 865 695 ἐκεῖνο
877 626 984 707 οὕτως
995 628 1053 716 ἐμὲ
1065 637 1151 715 λαμ-

144 725 255 812 βάνει·
274 725 351 794 τόδε
367 723 401 793 δ’
420 717 483 792 ούν
493 726 577 810 μέγα
588 725 690 810 λέγω,
713 721 757 804 ἀς
769 724 944 812 ἀνενέμοῦ
956 723 1057 815 τῷτά
1068 724 1151 796 ὄντα

145 821 244 890 είδότι
256 820 356 890 ούδέν
367 849 398 890 τι
408 829 535 907 μᾶλλον
547 826 637 889 ἔσται
647 829 777 889 πείθειν
786 825 891 909 τέχνη.

106 942 127 993 Ε
230 941 319 1001 ΦΑΙ.
354 931 492 1002 Ούκούυ
503 936 613 1001 δίκαια
623 936 705 1018 έρεί,
717 935 861 1018 λέγουσα
871 940 990 1013 ταύτα;

228 1050 303 1112 ΣΩ.
338 1052 442 1131 Φημί,
454 1044 514 1113 έάν
524 1050 559 1113 οἵ
565 1071 603 1130 γε
614 1044 760 1122 ἐπιόντες
772 1042 856 1132 αὐτῇ
866 1045 960 1129 λόγοι
970 1053 1151 1131 μαρτυρῶ-

145 1162 200 1208 σιν
212 1140 295 1208 είναι
305 1145 410 1229 τέχνη.
431 1142 542 1226 ὥσπερ
553 1139 617 1226 γάρ
630 1141 766 1211 ἀκούειν
776 1145 865 1209 δοκοί
877 1149 978 1209 τινων
989 1144 1151 1228 προσιόν-

146 1265 214 1307 των
225 1239 280 1307 ιιαλ
298 1241 614 1326 διαμαρτυρομένων
635 1239 757 1325 λόγων,
775 1237 826 1306 ὅτι
841 1240 997 1320 ψεύδεται
1012 1243 1070 1308 καὶ
1086 1239 1151 1308 ούκ

145 1342 213 1403 ἔστι
221 1336 319 1422 τέχνη
330 1332 403 1404 ἀλλ’
416 1335 551 1422 ἀτεχνος
561 1338 673 1424 τριβή·
687 1343 750 1404 τού
758 1338 794 1403 δὲ
804 1340 922 1422 λέγειν,
935 1338 1038 1423 φησὶν
1049 1335 1068 1405 ὁ
1081 1338 1152 1406 Λά-

144 1460 229 1519 κων,
252 1437 370 1520 ἔτυμος
386 1436 481 1521 τέχνη
499 1434 583 1503 άνευ
599 1442 661 1502 τού
679 1433 837 1520 ἀληθείας
850 1426 962 1521 ἧφθαι
973 1433 1046 1503 οὔτ’
1060 1442 1151 1504 ἔστιν

144 1529 222 1600 ούτε
233 1532 278 1618 μη’
294 1530 376 1600 ποθ’
388 1529 532 1618 ὕστερον
541 1535 683 1619 γένηται.

75 1666 126 1722 261
229 1649 319 1710 ΦΑΙ.
356 1644 492 1711 Τούτων
511 1649 563 1712 δεί
577 1652 645 1712 τοῖν
661 1644 789 1728 λόγων,
813 1637 1040 1725 ύΣτόιιρατες·
1064 1639 1150 1710 ἀλλά

144 1745 244 1825 δεῦρο
256 1739 379 1820 αύτούς
392 1742 551 1827 παράγων
562 1745 700 1825 ἐξέταζε,
712 1748 746 1809 τί
753 1743 808 1810 καὶ
819 1747 888 1818 πῶς
899 1743 1064 1824 λέγουσιν.

227 1860 302 1921 Σίί.
335 1853 459 1938 Πάριτε
471 1855 529 1940 δή,
550 1858 724 1940 θρέμματα
734 1864 887 1937 γενναία,
905 1851 1104 1919 καλλίπαιδά
1115 1877 1150 1919 τε

144 1954 292 2037 Φαίδρον
307 1957 457 2036 πείθετε,
480 1948 524 2029 ὡς
540 1949 601 2020 έάν
616 1948 659 2037 μὴ
679 1953 801 2029 ἱκανῶς
819 1949 1048 2037 φιλοσοφήση,
1070 1947 1151 2019 ούδδ

144 2047 258 2125 ίιιανός
275 2071 353 2114 ποτε
370 2049 478 2131 λέγειν
491 2051 581 2113 ἔσται
592 2048 667 2130 περὶ
680 2044 827 2124 ούδενός.
860 2044 1094 2132 ἀποκρινέσθω
1106 2046 1148 2134 δη

143 2142 326 2228 ὁΦαίδρος.

229 2260 320 2322 ΦΑΙ.
347 2251 514 2341 Ἐρωτάτε.

142 2472 336 2552 ψυχαγωγία
346 2491 395 2542 τις
412 2462 466 2531 διά
481 2463 609 2550 λόγων,
632 2461 674 2531 ού
691 2463 797 2550 μόνον
814 2467 851 2532 έν
863 2467 1084 2551 δικαστηρίοις
1094 2470 1149 2536 καὶ

142 2560 217 2630 ὅσοι
229 2561 323 2630 ἀλλοι
337 2561 490 2647 δημόσιοι
501 2560 674 2646 σύλλογοι,
693 2560 776 2630 ἀλλά
787 2563 843 2630 καὶ
854 2564 891 2629 ἐν
903 2565 1013 2644 ἰδίοις,
1030 2560 1147 2650 ἡαύτη

104 2676 124 2727 Β
143 2668 292 2746 σμικρῶν
308 2684 344 2727 τε
360 2662 415 2726 καί
431 2659 586 2745 μεγάλων
597 2660 687 2745 πέρι,
710 2661 763 2727 καὶ
776 2655 877 2727 ούδὲυ
888 2658 1099 2744 ἐντιμότερον
1109 2660 1149 2729 τό

142 2784 180 2846 γε
191 2757 300 2843 ὀρθόν
310 2758 386 2843 περὶ
397 2761 561 2826 σπουδαία
571 2753 593 2844 ἢ
604 2759 678 2843 περὶ
689 2765 802 2845 φαῦλα
811 2759 1027 2845 γιγνόμενονς
1045 2754 1067 2845 ἢ
1079 2768 1150 2839 πῶς

144 2855 186 2923 σύ
198 2853 292 2924 ταῦτ’
307 2855 466 2942 deminuam

228 2975 318 3037 ΦΑΙ.
354 2965 406 3035 Ού
422 2966 467 3054 μά
483 2966 544 3036 τόν
553 2965 611 3036 Δί’
630 2964 671 3033 ού
689 2966 899 3036 παντάπασιν
917 2967 1040 3053 οὕτως,
1063 2966 1148 3039 ἀλλά

142 3068 282 3154 μάλιστα
299 3069 361 3154 μέν
378 3091 447 3146 πως
463 3066 538 3151 περὶ
555 3063 613 3144 τάς
632 3071 724 3144 δίκας
735 3070 865 3152 λέγεταί
871 3092 906 3134 τε
917 3068 973 3134 καὶ
983 3066 1149 3152 γράφεται

141 3171 253 3254 τέχνη,
275 3167 402 3251 λέγεται
421 3168 457 3234 δὲ
471 3166 612 3250 καὶπερὶ
624 3167 837 3250 δημηγορίας·
858 3165 910 3231 ἐπὶ
921 3165 1023 3231 πλέον
1036 3168 1072 3232 δὲ
1083 3160 1146 3232 ούα

143 3290 280 3349 ακηιιοα.

225 3367 298 3428 ΣΩ.
329 3359 415 3429 Ἀλλ’
444 3354 466 3447 ἦ
487 3360 545 3442 τάς
566 3363 734 3443 Νέστορος
755 3361 810 3429 καὶ
828 3356 1010 3442 Ὀδυσσέως
1030 3363 1145 3448 τέχνας
