2422 3780
172 148 235 212 134
532 153 744 213 ΠΛΑΤΩΝ
752 157 813 213 ΟΣ

256 315 358 378 nm.
387 306 619 396 Ἀληθέστατα

255 414 330 477 ΣΩ,
362 414 443 476 Νῦν
459 406 499 495 δὴ
512 414 763 495 καταπέφευγεν
773 408 883 497 ἡμῑνὴ
896 420 957 479 τοῦ
969 411 1103 499 ἀγαθοῦ
1114 415 1177 482 δῦ·

172 532 269 591 ναμις
288 511 333 583 είς
349 503 412 590 τὴν
427 514 488 572 τοῦ
504 513 611 573 τιαλοῦ
622 508 735 591 φύσιν.
769 508 939 593 μετριότης
949 508 1012 594 γὰρ
1023 514 1078 578 καὶ
1089 533 1178 599 συμ-

171 612 286 689 μετρία
304 604 425 682 κάλλος
442 604 551 690 δήπου
566 609 621 673 καὶ
639 603 738 692 ἀρετὴ
755 616 924 692 πανταχοῦ
941 613 1113 695 ξυμβαίνει
1125 619 1178 696 μί-

171 713 322 788 ννεσθαι.

254 806 357 868 Ilm.
387 799 487 867 Πάνυ
497 794 640 886 μὲνοῦν,

254 903 327 963 ΣΩ.
358 900 422 965 Καὶ
433 897 501 984 μὴν
511 897 675 984 ἀλήθειάυ
684 925 723 984 με
734 905 860 985 ἔφαμεν
871 898 983 979 αὐτοῖς
993 905 1030 968 ἐν
1041 909 1082 988 τῇ
1093 901 1178 985 κρά-

170 1014 220 1059 σει
231 1004 396 1080 μεμῖχθαι.

253 1097 356 1159 Hm.
388 1093 546 1176 Πάννγε.

254 1194 328 1256 ΣΩ.
364 1187 501 1256 Οὐκοῦν
518 1196 548 1256 εί
564 1188 608 1274 μὴ
626 1198 686 1276 μιᾷ
706 1193 881 1277 δυναίμεθα
898 1195 970 1279 ίδέα
986 1193 1023 1260 τό
1043 1191 1174 1277 ἀγαθόν

120 1297 155 1351 65
171 1294 352 1372 θηρεῦσαι,
376 1284 441 1353 σῦν
454 1289 540 1370 τρισὶ
551 1288 724 1374 λαβόντες,
742 1289 855 1356 τιάλλει
865 1293 919 1356 καὶ
930 1295 1111 1379 ξυμμετριά
1122 1286 1174 1358 καὶ

170 1384 326 1472 ἀληθεία,
339 1389 486 1470 λέγωμεν
496 1381 539 1462 ἀς
549 1393 646 1452 τοῦτο
658 1380 731 1452 οἷον
741 1388 778 1453 ἓν
790 1381 946 1468 ὀρθότατ’
959 1381 1002 1451 ἀν
1013 1393 1173 1457 αίτιασαίό

170 1477 248 1567 μεθ’
269 1477 312 1547 ἀν
325 1490 393 1548 τών
403 1484 441 1549 ἐν
451 1488 492 1569 τῇ
504 1487 670 1567 συμμίξαι,
692 1484 748 1550 καὶ
759 1480 813 1549 διά
822 1489 921 1549 τοῦτο
934 1483 978 1560 ὡς
988 1481 1124 1567 ἀγαθόν
1135 1483 1173 1554 όν

169 1579 328 1664 τοιαύτην
339 1577 636 1666 αῦτὴννεγονέναι.

254 1682 356 1744 Hm.
385 1674 565 1760 Ὀρθότατα
575 1669 718 1763 μὲνοῦν.

253 1782 332 1843 XLI.
375 1781 450 1842 Σόδ.
477 1774 560 1860 Ἤδη
571 1780 704 1858 τοίνυν,
725 1766 752 1840 ἀ
761 1775 958 1861 Πρώταρχε,
970 1774 1177 1862 ι’τιανόςὴμῖν

169 1868 285 1958 γένοιτ’
299 1867 343 1938 ἀν
352 1868 510 1938 ὁστισοῦν
521 1870 633 1956 κριτὴς
643 1868 765 1955 ἡδονῆς
773 1898 808 1939 τε
820 1876 893 1959 πέρι
904 1875 958 1939 καὶ
969 1873 1176 1957 φρονήσεως,

131 1980 152 2030 Β
170 1966 332 2051 ὁπότερον
349 1967 464 2035 αάτοῖν
482 1975 543 2035 τοῦ
560 1965 697 2051 ἀρίστου
710 1969 964 2054 ξυγγενέστερόν
974 1994 1008 2036 τε
1019 1971 1074 2036 καὶ
1085 1996 1178 2054 τιμι-

171 2064 296 2148 ώτερον
307 2069 343 2130 ἐν
353 2063 546 2146 ἀνθρώποις
556 2066 592 2130 τὲ
601 2067 669 2130 ἐστι
678 2068 733 2132 καὶ
748 2076 847 2146 θεοῖς.

252 2167 355 2229 Hm.
387 2170 501 2246 Δῆλον
512 2163 590 2246 μέν,
609 2159 696 2246 ὅμως
708 2163 738 2229 δ’
753 2157 816 2230 οὖν
827 2173 873 2254 τῷ
885 2165 973 2255 λόγῳ
985 2168 1176 2244 ἐπεξελθεῖν

169 2261 309 2346 βέλτιον.

253 2361 327 2425 za.
359 2355 452 2424 Καθ’
471 2360 510 2424 ἓν
526 2359 666 2426 ἕκαστον
679 2365 795 2426 τοίνυν
810 2367 879 2427 τῶν
895 2368 997 2445 τριιῦν
1013 2360 1096 2444 πρὸς
1112 2360 1175 2447 τὴν

168 2455 295 2542 ἡδονὴν
315 2459 370 2523 καί
391 2455 451 2524 τόν
472 2464 557 2523 νοῦν
577 2465 753 2544 κρίνωμεν.
778 2462 829 2525 δεῖ
847 2457 911 2545 γάρ
930 2463 1027 2542 ίδεῖν,
1046 2462 1174 2546 ποτέρῳ

169 2563 298 2640 μᾶλλον
309 2558 462 2638 ξυγγενὲς
472 2554 612 2622 ἕκαστον
624 2554 735 2622 αάτῦν
747 2554 989 2640 ἀπουεμοῦμεν.

253 2657 354 2720 Hm.
387 2652 541 2729 Κάλλους
556 2653 612 2719 καὶ
629 2651 785 2738 ἀληθείας
801 2657 856 2721 καὶ
873 2653 1082 2738 μετριότητος
1099 2658 1173 2738 πέρι

69 2804 74 2812 .
168 2755 287 2836 λέγεις;

23 2920 25 2925 .
252 2854 328 2917 ΣΩ.
360 2853 436 2915 Ναί.
468 2856 601 2929 πρῶτον
617 2851 655 2914 δέ
663 2875 702 2933 γε
714 2847 872 2932 ἀληθείας
885 2853 1007 2933 λαβοῦ,
1030 2838 1176 2930 όΠροό-

131 2963 152 3015 c
168 2973 278 3032 ταρχε·
295 2948 349 3014 καί
360 2943 551 3030 λαβόμενος,
563 2947 686 3031 βλέψας
697 2952 742 3024 είς
752 2951 836 3032 τρία,
849 2954 934 3014 νοῦν
944 2947 998 3013 καὶ
1010 2942 1176 3030 ἀλήθειαν

170 3048 225 3113 καὶ
242 3043 387 3133 ἡδονήν,
409 3042 519 3113 πολδν
535 3047 678 3131 ἐπισχών
693 3047 832 3133 χρόνον,
853 3045 1031 3129 ἀπόκριναι
1049 3057 1173 3139 σαυτῷ,

169 3144 312 3228 πότερον
322 3142 425 3232 ἡδονὴ
438 3140 727 3231 ξυγγενέστερονῆ
738 3151 818 3223 νοῦς
828 3143 978 3233 ἀληθείᾳ.

252 3247 355 3309 Ima.
390 3248 433 3308 Τί
446 3243 482 3310 δὲ
497 3242 623 3327 χρόνον
639 3245 705 3322 δεῖς
727 3243 905 3329 πολῦμάρ,
928 3242 1033 3329 οἶμαι,
1056 3247 1172 3328 διαφέ-

169 3363 274 3420 ρετον.
308 3337 411 3424 ἡδουὴ
433 3339 495 3424 μὲν
515 3339 578 3423 γὰρ
599 3338 755 3408 ἁπάντων
775 3339 1046 3426 ἀλαζονίστατον,
1070 3338 1113 3418 ὡς
1136 3342 1171 3408 δὲ
