2408 3780
104 219 166 284 150
465 220 752 281 ΠΛΑΤΩΝΟΣ

104 390 175 462 θεῖς
193 381 227 451 δὲ
245 382 389 469 αἰσχρόν.
410 379 499 449 οῦτοι
516 380 556 468 δὴ
569 384 623 449 καὶ
641 378 678 448 τό
692 379 1042 469 ίρᾷνκαὶὸἝρωςού
1076 390 1089 405 ”

103 484 168 548 ἐστὶ
186 480 286 560 καλός
304 479 382 549 οῦδε
400 480 489 561 αξιος
499 479 775 566 ἐγκωμιάζεσθαι,
793 477 866 548 ἀλλ’
879 478 898 549 ὁ
910 488 1053 564 καλῦςπ
1085 470 1097 561 ”,

101 582 334 668 τρέπωνέρᾷν.

186 683 236 744 ΙΧ.
276 673 382 764 Ομεν
391 702 455 743 ουν
465 703 522 762 της
534 674 709 762 πανδημου
719 673 950 763 Αφροδιτης
923 704 969 759 ως
979 675 1084 766 κληδ“
1122 676 1125 713 ¹

64 801 83 850 B
102 774 308 899 πάνδημός’
292 793 360 842 εστι
377 777 432 843 καί
452 773 690 861 ἐξεργάζεται”
670 801 688 842 ο
709 801 739 842 τι
757 769 799 843 ἀν
815 773 914 863 τύχῃ·
937 778 993 845 καί
1015 768 1094 855 ούτέι
1121 772 1125 811 ³

103 876 193 942 ἐστιν
211 871 250 940 ὃν
268 878 302 941 οί
315 880 442 958 φαῦλοι
457 882 524 941 νῦν
541 871 736 958 ἀνθρώπων
752 876 882 957 ἐρῶσιν.
905 875 1007 960 ἐρῶσι
1027 876 1059 943 δὲ

102 978 247 1040 τοιοῦτοι
257 972 460 1058 πρῶτονμὲν
472 969 532 1058 οῦχ
542 963 642 1058 ἧττον
652 966 855 1059 γυναικῦνῆ
866 977 1012 1057 παίδων,
1022 977 1094 1041 ἔπειτ’

103 1095 153 1154 τα,
178 1061 227 1135 ὦν
243 1071 299 1137 καὶ
316 1071 426 1157 ἐρῶσι,
448 1077 517 1137 τοῖν
533 1069 696 1155 σωμάτιον
713 1076 840 1155 μᾶλλον
855 1064 877 1157 ἢ
893 1077 963 1139 τῶν
984 1076 1090 1157 moin

104 1172 214 1234 ἔπειτα
229 1163 272 1245 ἀς
283 1162 327 1235 ἀν
339 1167 505 1235 δύνωνται
517 1165 765 1254 ἀνοητοτάτων,
786 1167 869 1251 πρὸς
880 1164 917 1235 τὸ
929 1168 1096 1253 διαπράξν.

103 1273 187 1332 σδαι
204 1264 310 1350 μόνον
326 1268 519 1352 βλέποντες,
541 1264 741 1352 ἀμελοῦντες
758 1264 793 1333 δὲ
809 1272 872 1332 τοῦ
887 1272 999 1346 καλῶς
1015 1260 1092 1353 ἢμί.

103 1359 189 1430 ὅθεν
199 1358 266 1448 δὴξ
251 1366 421 1450 ξυμβαίνει
432 1361 554 1443 αὐτοῖς,
567 1361 627 1431 ὅτι
637 1358 680 1429 ἀν
688 1361 819 1448 τύχωσι,
831 1369 929 1431 τοῦτο
941 1364 1095 1451 πράττειν,

102 1458 224 1549 ὁμοίως
237 1462 299 1547 μὲν
316 1457 502 1546 ἀγαθόν’
487 1467 606 1547 ομοίως
624 1462 659 1528 δὲ
672 1457 879 1529 τούναντίον.
901 1465 969 1530 ἔστι
980 1454 1099 1548 ydonei

68 1584 87 1636 c
104 1557 168 1627 ἀπδ
185 1568 243 1677 τῆς
259 1566 345 1627 θεοῦ
363 1564 525 1646 νεωτέρας
535 1585 569 1627 τε
587 1557 689 1646 οὒης
706 1554 824 1646 πολῦῆ
840 1566 898 1645 τῆς
909 1560 1035 1648 ἑτέρας,
1051 1554 1125 1671 καὶ.1

102 1659 299 1745 μετεχούσης
316 1661 353 1726 έν
372 1665 411 1747 τῇ
427 1662 554 1744 γενέσει
570 1659 625 1726 καὶ
642 1657 764 1743 θήλεος
785 1656 883 1726 naz*
860 1684 1010 1745 αρρενος.
1032 1683 1050 1727 ο
1037 1616 1125 1729 ‘iffi

102 1764 159 1842 τῆς
171 1753 329 1840 οὐρανίας
340 1764 473 1840 πρῶτον
489 1782 550 1842 μεν
566 1753 608 1823 οὐ
619 1753 948 1841 μετεχούσηςθήλεος
958 1754 1065 1826 ἀλλ”
1044 1780 1125 1841 αρν

104 1879 200 1936 ρενος
211 1854 332 1938 μόνον·
353 1881 408 1922 και
397 1845 564 1922 Πίστιν
521 1879 619 1931 ουτος
630 1851 647 1918 ὁ
660 1860 728 1921 τείν
739 1857 866 1920 παίδων
877 1859 975 1936 ἔρως·
999 1860 1110 1923 ἔπειτα

102 1953 338 2039 πρεσβυτέρας,
351 1951 479 2040 ὕβρεως
490 1949 646 2037 ἀμοίρου,
659 1949 744 2018 ὅθεν
755 1950 795 2038 δὴ
809 1951 860 2020 έπὶ
871 1949 908 2019 τὸ
921 1950 1024 2041 ἀρρεν
1033 1952 1113 2038 τρέν

103 2075 222 2117 πονται
233 2052 267 2116 οί
275 2053 310 2115 έκ
321 2050 443 2116 τούτου
459 2057 520 2117 τοῦ
537 2054 657 2133 ἔρωτος
673 2054 821 2135 έπιπνοι,
840 2047 877 2117 τὸ
891 2051 991 2136 φύσει
1003 2055 1119 2137 έρριν

103 2151 300 2233 μενέστερον
317 2149 371 2214 καί
387 2152 473 2214 νοῦν
489 2154 617 2232 μᾶλλον
634 2151 709 2230 ἔχον
726 2143 926 2232 ἀγαπῶντες.
941 2155 1001 2216 καί
1007 2175 1056 2229 τις
1064 2144 1117 2215 ἀν

103 2246 267 2332 γνοίηκαὶ
285 2248 322 2313 έν
339 2244 422 2334 αύτῇ
439 2251 482 2332 τῇ
503 2250 715 2332 παιδεραστίᾳ
735 2243 814 2325 τοῦς
836 2250 1021 2333 εἰλικρινῶς
1041 2240 1112 2315 ῦπὸ

64 2362 84 2412 1)
103 2343 225 2412 τούτου
242 2350 303 2412 τοῦ
320 2348 440 2431 ἔρωτος
457 2341 680 2430 ὡρμημένους.
705 2340 747 2410 οῦ
768 2341 832 2430 γάρ
852 2346 951 2429 ἐρῶσι
969 2349 1112 2431 παίδων,

103 2440 177 2511 ἀλλ’
200 2438 334 2510 ἐπειδάν
346 2440 408 2528 ἤδη
427 2439 591 2528 ἀρχωυται
607 2449 692 2509 νοῦν
715 2451 833 2527 ίσχειν·
855 2448 954 2510 τοῦτο
971 2444 1008 2512 δὲ
1025 2452 1112 2529 πλη·

103 2539 206 2618 σιάζει
216 2546 262 2629 τῷ
273 2538 486 2624 γενειάσκειν.
501 2544 807 2624 παρεσκευασμένοι
815 2539 895 2626 γάρ,
908 2537 1015 2626 οἶμαι,
1027 2542 1112 2611 είσὶν

104 2638 138 2701 οί
147 2637 307 2703 ἐντεῦθεν
323 2633 501 2720 ἀρχόμενοι
519 2640 600 2726 έρᾷν
617 2632 661 2716 ὦς
672 2634 732 2704 τάν
743 2643 819 2724 βίον
830 2633 960 2704 ἅπαντα
971 2638 1111 2716 ξυνεσύ·

103 2757 198 2817 μενοι
209 2734 262 2800 καὶ
273 2742 368 2822 κοινῇ
380 2734 659 2821 σνμβιωσύμενοι,
678 2732 752 2802 ἀλλ’
766 2732 828 2803 οῦκ
840 2735 1107 2822 ἐξαπατήσαντες,

104 2832 141 2897 έν
157 2827 333 2919 ἀφροσύνῃ
355 2832 513 2918 λαβόντες
536 2830 579 2909 ῦς
598 2835 693 2915 νέον,
716 2833 997 2917 καταγελάσαντες
1017 2834 1110 2921 οἰχή-

104 2937 223 2996 σεσθαι
241 2925 291 2994 ἐπ’
311 2926 674 3015 ἀλλον-ἀποτρέχοντες.
696 2939 780 3017 χρῆν
796 2933 832 2999 δὲ
844 2933 899 3000 καί
910 2931 1017 3018 νόμον
1028 2929 1111 3000 εἶναι

66 3050 86 3100 ιι
103 3054 147 3115 μη
137 3025 242 3116 ἐραν
252 3031 436 3114 παιδων,
420 3054 475 3096 ινα
493 3054 536 3116 μη
525 3025 597 3106 είς
610 3025 735 3115 ἀδηλον
753 3028 857 3116 πολλὴ
879 3027 1048 3118 σπουδή’
1028 3057 1106 3116 ανη-

102 3133 245 3195 λίσκετο·
270 3125 306 3195 τδ
328 3125 392 3216 γάρ
415 3134 483 3195 τῶν
511 3134 572 3195 καί
557 3131 638 3195 ίδοιν
659 3130 751 3207 τέλος
771 3127 898 3248 ἀδηλον
921 3123 954 3196 οί
972 3133 1109 3219 τελευτὰ

103 3232 217 3304 κακίας
231 3223 322 3293 καί’
303 3236 422 3314 αρετῆς
438 3233 544 3313 ψυχῆς
555 3252 589 3294 τε
606 3229 679 3311 πέρι
690 3227 744 3294 καί
757 3225 915 3314 σώματος.
929 3232 1034 3316 οἱμὲν
1046 3218 1105 3298 ούι

103 3319 273 3408 ἀγαθοί
240 3349 300 3393 τον
315 3326 422 3444 νόμον
434 3335 554 3395 τοῦτον
572 3321 718 3394 αῦτολ
678 3339 790 3406 αυτοῖς
807 3327 1110 3414 ἕκύντεςτίδενται,

96 3425 184 3505 βρῦν
196 3422 231 3488 δὲ
247 3425 302 3490 καί
318 3424 457 3504 τούτους
473 3425 551 3504 τοῦς
562 3422 755 3512 πανδήμους
767 3424 905 3515 ἐραστάς
915 3447 1108 3515 προσαναρ-
