2408 3780
46 172 85 230 ετ
146 128 149 133 ’
447 164 675 222 mmm.
1000 159 1063 224 205

45 323 164 395 ποθλν
183 322 249 393 άπό
267 330 330 392 τοῦ
341 320 484 391 Ἰλισσοῦ
494 324 621 406 λέγεται
634 319 652 387 ὁ
663 326 789 406 Βορέας
799 322 861 407 τήν
870 319 1065 405 Ὠρείθυιαν

48 423 221 512 άρπάσαις

140 526 216 591 ΣΩ.
250 524 390 607 Λέγεται
402 518 477 603 γάρ.

142 627 235 689 ΦΑΙ.
264 612 336 703 Ἆρ’
355 610 584 696 οῦνένθόνδες
605 623 758 701 χαρίεντα
767 623 854 702 γοῦν
863 618 918 685 καὶ
928 614 1063 700 καθαρά

49 722 111 790 καὶ
129 723 277 805 διαφανῆ
295 714 336 785 τά
357 714 476 785 ῦδάτια
498 722 666 800 φαίνεται,
688 718 743 784 καὶ
763 718 928 802 ἐπιτήδεια
950 715 1065 799 κόραις

50 822 185 899 παίζειν
195 814 275 902 παρ’
290 814 384 885 αῦτά.

145 922 223 985 ΣΩ.
257 912 348 1001 Οὔκ,
370 911 456 982 άλλά
475 913 629 982 κάτωθεν
644 910 727 981 ὅσον
744 911 799 980 δύ’
815 908 839 999 ή
855 921 929 996 τρία
940 913 1066 996 στάδια,
1086 922 1104 971 G

52 1006 177 1103 ᾖπρός
186 1012 225 1081 τό
237 1011 419 1101 τῆςἌγρας
430 1017 659 1101 διαβαίνομεν·
677 1013 732 1080 καὶ
744 1013 810 1081 πού
821 1019 869 1092 τίς
879 1016 944 1081 ἐστι
956 1009 1067 1099 βωμός

54 1110 185 1183 σῦτόθι
198 1114 336 1198 Βορέου.

144 1218 238 1282 ΦΑΙ.
272 1210 325 1281 Οῦ
341 1212 433 1279 πάνυ
450 1212 609 1297 νενόηκα·
630 1208 704 1279 ἀλλ’
728 1213 797 1280 εἰπὲ
821 1211 903 1297 πρός
918 1214 1016 1296 Διός,
1042 1205 1067 1277 τό

58 1309 254 1397 Σώκρατες·
270 1310 313 1379 σῦ
325 1318 423 1379 τοῦτο
434 1308 471 1378 τό
484 1309 704 1397 μυθολόγημα
715 1317 825 1378 πείθει
835 1309 958 1396 άληθλς
969 1309 1069 1389 alvan

144 1416 198 1480 [V.
242 1415 318 1478 ΣΩ.
348 1407 481 1479 ’Λλλέί
491 1407 679 1496 άπιστοίην,
702 1408 813 1497 ὥσπερ
826 1414 860 1477 οί
869 1415 984 1494 σοφοί,
1008 1407 1070 1476 οὐκ

59 1508 107 1579 ἂν
124 1507 248 1588 άτοπος
265 1517 353 1595 είην·
375 1506 444 1576 εἶτα
461 1508 678 1594 σοφιζόμενος
694 1514 797 1595 φαίην
816 1506 922 1595 αῦτήν
940 1516 1070 1592 πνεῦμα

61 1609 193 1695 Βορέου
211 1605 295 1676 κατά
310 1613 379 1675 τοῖν
395 1614 535 1694 πλησίον
551 1616 681 1692 πετρῶν
699 1604 765 1674 σῦν
783 1613 975 1694 Φαρμακείμ
994 1614 1070 1673 παί-

61 1714 190 1791 ζουσαν
208 1697 308 1792 ω’σαι,
331 1708 388 1775 καλ
405 1705 495 1774 οὕτω
512 1705 552 1794 δή
568 1705 812 1792 τελευτήσασαν
828 1712 987 1791 λεχθήναι
1004 1701 1070 1770 ὑπό

61 1814 126 1876 τοῦ
135 1809 265 1890 Βορέου
277 1804 493 1891 ἀνάρπαστον
502 1808 682 1892 γεγονέναι.
715 1801 748 1892 [ἢ
759 1809 791 1886 ἐξ
807 1804 934 1893 Ἀρείου
948 1803 1072 1888 πάγου·
1092 1817 1112 1865 1)

64 1908 197 1990 λέγεται
206 1904 271 1991 γὰρ
281 1896 326 1971 αῦ
336 1906 392 1973 καὶ
403 1896 530 1984 οῦτοςὸ
543 1905 651 1992 λόγος,
664 1901 707 1985 ὡς
718 1909 847 1973 ἐκείθεν
858 1902 930 1972 ἀλλ’
945 1902 1007 1971 οὐκ
1019 1907 1073 1971 ἐν-

64 2007 170 2074 θένδε
186 1999 368 2089 ἡρπάσθη]
399 2001 463 2089 ἐγω
483 2007 521 2073 δέ
526 2055 535 2089 ,
559 1997 736 2090 άΦαλδρε,
757 2003 865 2083 άλλως
881 2003 941 2089 μὲν
952 2001 992 2069 τά
1005 2028 1073 2070 τοι-

65 2111 155 2173 αῦτα
171 2107 325 2187 χαρίεντα
341 2098 501 2189 ἡγοῦμαι,
523 2110 598 2171 λίαν
611 2104 645 2172 δὲ
658 2108 770 2171 δεινοῦ
780 2105 836 2172 καὶ
846 2101 1008 2171 ἐπιπόνου
1020 2105 1075 2171 καὶ

65 2200 110 2287 οῦ
126 2200 218 2269 πάνυ
236 2197 395 2287 εὐτυχοῦς
411 2199 550 2289 άνδρός,
571 2201 644 2271 κατ’
664 2202 745 2272 άλλο
761 2201 823 2289 μὲν
839 2198 956 2285 οὐδέν,
979 2198 1028 2268 ότι
1040 2198 1071 2267 δ’

65 2297 309 2396 αῦτηῦάνάγκη
325 2301 406 2386 μετά
422 2309 520 2369 τοῦτο
538 2299 575 2370 τό
597 2309 666 2369 τῶν
684 2300 969 2385 Ἱπποκενταύρων
990 2299 1075 2379 είδος
1181 2334 1184 2339 ·

65 2404 361 2485 ἐπανορθοῦσθαι,
383 2402 437 2468 καὶ
455 2393 556 2480 αὖθις
564 2398 600 2469 τό
614 2408 671 2485 τῆς
682 2406 859 2486 Χιμαίρας,
882 2400 938 2467 καὶ
950 2401 1079 2484 ἐπιρρεῖ

66 2498 107 2567 δὲ
126 2496 225 2585 όχλος
244 2497 408 2566 τοιοότων
423 2497 604 2585 Γοργόνων
626 2500 681 2567 καὶ
697 2499 866 2585 Πηγάσων
887 2499 942 2565 καλ
964 2496 1076 2566 άλλων

66 2597 251 2686 ἀμηχάνων
267 2598 381 2686 πλήθη
398 2624 434 2666 τε
448 2602 503 2668 καί
515 2597 646 2668 άτοπίαι
655 2597 884 2683 τερατολόγων
893 2604 996 2664 τινων
1007 2596 1075 2682 φό-
1093 2616 1114 2665 Ε

66 2720 171 2767 σεων·
185 2691 240 2779 αἷς
253 2707 340 2778 εἴτις
353 2698 501 2767 άπιστεῖν
511 2704 678 2787 προσβιβᾷ
688 2695 770 2766 κατά
782 2696 819 2766 τό
830 2695 917 2776 είκός
925 2698 1075 2782 ἕκαστον,

70 2795 129 2865 άτε
147 2795 294 2884 άγροίκφ
310 2798 376 2865 τινὶ
392 2804 494 2887 σοφίᾳ
510 2797 695 2886 χρεόμενος,
717 2803 841 2883 πολλῆς
858 2794 947 2884 αὐτῷ
960 2803 1077 2882 σχολῆς

68 2894 187 2982 δεήσει.
222 2897 293 2979 ἐμοὶ
304 2894 341 2963 δὲ
351 2894 434 2980 πρός
445 2894 528 2965 αὐτοὶ
539 2895 694 2984 οὐδαμῶς
703 2899 772 2966 ἐστὶ
788 2896 905 2983 σχολή·
928 2892 965 2962 τό
978 2893 1013 2962 δὲ
1025 2902 1077 2961 αί-

67 3019 158 3091 τιον,
178 2985 309 3078 εόφίλε,
327 2993 450 3062 τούτου
460 2995 553 3064 τόδε·
574 2995 616 3066 οῦ
627 2997 775 3084 δύναμαί
782 3020 834 3064 πω
845 2992 928 3064 κατά
940 2990 977 3061 τό
989 2999 1077 3059 Δελ-

69 3090 173 3179 φικόν
184 3092 320 3180 γράμμα
329 3101 458 3178 γνῦναι
473 3097 633 3181 ἐμαυτόν·
652 3104 783 3182 γελοίαν
794 3093 836 3180 δή
847 3121 903 3182 μοι
914 3097 1076 3178 φαίνεται,

70 3200 170 3261 τοῦτο
189 3197 236 3260 ῦτι
252 3191 440 3278 άγνοοῦντα
457 3195 497 3263 τά
515 3192 670 3280 ἀλλότρια
681 3205 827 3262 σκοπεῖν.
858 3189 942 3261 ὅθεν
954 3189 995 3278 δή
1006 3196 1080 3277 χαί-

70 3317 143 3379 ρειν
153 3291 254 3372 ἐάσας
265 3300 367 3361 ταῦτα
375 3345 384 3377 ,
402 3293 602 3381 πευθόμενος
614 3293 649 3362 δὲ
659 3301 707 3384 τῷ
718 3293 920 3383 νομιζομένῳ
931 3291 1007 3377 περὶ
1016 3287 1092 3371 ατί-ᾗ

71 3398 151 3479 τόν,
160 3387 183 3461 δ
192 3396 259 3459 νῦν
270 3388 310 3476 δή
323 3396 448 3478 ἔλεγον,
461 3402 575 3461 σκοποῦ
587 3390 628 3460 οῦ
638 3398 742 3460 ταῦτα
754 3389 837 3459 άλλόι
847 3391 1007 3479 ἐμαυτόν,
1015 3398 1083 3457 είτι·
