<?xml version="1.0" encoding="UTF-8"?>
<!DOCTYPE html PUBLIC "-//W3C//DTD XHTML 1.0 Transitional//EN"
    "http://www.w3.org/TR/xhtml1/DTD/xhtml1-transitional.dtd">
<html xmlns="http://www.w3.org/1999/xhtml" xml:lang="en" lang="en">
 <head>
  <title>
</title>
<meta http-equiv="Content-Type" content="text/html;charset=utf-8" />
  <meta name='ocr-system' content='tesseract 3.04.00' />
  <meta name='ocr-capabilities' content='ocr_page ocr_carea ocr_par ocr_line ocrx_word'/>
</head>
<body>
  <div class='ocr_page' id='page_1' title='image "./dialogisecundum03platgoog_0316.png"; bbox 0 0 2408 3780; ppageno 0'>
   <div class='ocr_carea' id='block_1_1' title="bbox 63 158 1071 223">
    <p class='ocr_par' dir='ltr' id='par_1_1' title="bbox 63 158 1071 223">
     <span class='ocr_line' id='line_1_1' title="bbox 63 158 1071 223; baseline 0.007 -7"><span class='ocrx_word' id='word_1_1' title='bbox 63 162 113 217; x_wconf 80' lang='lat'><em>127</em></span> <span class='ocrx_word' id='word_1_2' title='bbox 443 159 673 218; x_wconf 83' lang='grc' dir='ltr'><em>ΦΑΙΔΡΟΣ.</em></span> <span class='ocrx_word' id='word_1_3' title='bbox 1008 158 1071 223; x_wconf 75' lang='lat'><em>265</em></span> 
     </span>
    </p>
   </div>
   <div class='ocr_carea' id='block_1_2' title="bbox 64 314 1171 3339">
    <p class='ocr_par' dir='ltr' id='par_1_2' title="bbox 64 314 1144 599">
     <span class='ocr_line' id='line_1_2' title="bbox 149 314 1144 406; baseline 0.005 -22"><span class='ocrx_word' id='word_1_4' title='bbox 149 321 223 384; x_wconf 72' lang='grc' dir='ltr'><em>Σάδ.</em></span> <span class='ocrx_word' id='word_1_5' title='bbox 256 324 297 385; x_wconf 81' lang='grc' dir='ltr'><em>Τί</em></span> <span class='ocrx_word' id='word_1_6' title='bbox 312 315 362 397; x_wconf 76' lang='grc' dir='ltr'><em>δ’ς</em></span> <span class='ocrx_word' id='word_1_7' title='bbox 387 314 490 385; x_wconf 83' lang='grc' dir='ltr'><em>άλλου</em></span> <span class='ocrx_word' id='word_1_8' title='bbox 506 314 637 404; x_wconf 78' lang='grc' dir='ltr'><em>ὁρῶμεν</em></span> <span class='ocrx_word' id='word_1_9' title='bbox 654 317 757 405; x_wconf 87' lang='grc' dir='ltr'><em>λόγου</em></span> <span class='ocrx_word' id='word_1_10' title='bbox 777 321 899 388; x_wconf 84' lang='grc' dir='ltr'><em>τούτου</em></span> <span class='ocrx_word' id='word_1_11' title='bbox 921 317 1070 406; x_wconf 84' lang='grc' dir='ltr'><em>άδελφδν</em></span> <span class='ocrx_word' id='word_1_12' title='bbox 1090 317 1144 375; x_wconf 71' lang='lat'><em>27⁶</em></span> 
     </span>
     <span class='ocr_line' id='line_1_3' title="bbox 64 412 1066 505; baseline 0.005 -25"><span class='ocrx_word' id='word_1_13' title='bbox 64 412 214 500; x_wconf 80' lang='grc' dir='ltr'><em>γνήσιον,</em></span> <span class='ocrx_word' id='word_1_14' title='bbox 227 423 274 504; x_wconf 73' lang='grc' dir='ltr'><em>τῷ</em></span> <span class='ocrx_word' id='word_1_15' title='bbox 284 415 397 505; x_wconf 79' lang='grc' dir='ltr'><em>τρόπῳ</em></span> <span class='ocrx_word' id='word_1_16' title='bbox 410 440 445 482; x_wconf 87' lang='grc' dir='ltr'><em>τε</em></span> <span class='ocrx_word' id='word_1_17' title='bbox 455 422 617 503; x_wconf 81' lang='grc' dir='ltr'><em>γίγνεται,</em></span> <span class='ocrx_word' id='word_1_18' title='bbox 639 417 695 485; x_wconf 83' lang='grc' dir='ltr'><em>καὶ</em></span> <span class='ocrx_word' id='word_1_19' title='bbox 705 414 773 502; x_wconf 75' lang='grc' dir='ltr'><em>ὅσῳ</em></span> <span class='ocrx_word' id='word_1_20' title='bbox 787 415 932 503; x_wconf 85' lang='grc' dir='ltr'><em>άμείνων</em></span> <span class='ocrx_word' id='word_1_21' title='bbox 943 420 998 485; x_wconf 78' lang='grc' dir='ltr'><em>ναὶ</em></span> <span class='ocrx_word' id='word_1_22' title='bbox 1009 421 1066 485; x_wconf 92' lang='grc' dir='ltr'><em>δυ-</em></span> 
     </span>
     <span class='ocr_line' id='line_1_4' title="bbox 66 505 1078 599; baseline 0.007 -23"><span class='ocrx_word' id='word_1_23' title='bbox 66 511 250 597; x_wconf 80' lang='grc' dir='ltr'><em>νατάτερος</em></span> <span class='ocrx_word' id='word_1_24' title='bbox 260 505 383 581; x_wconf 80' lang='grc' dir='ltr'><em>τούτου</em></span> <span class='ocrx_word' id='word_1_25' title='bbox 394 511 530 599; x_wconf 75' lang='grc' dir='ltr'><em>φύεταις</em></span> <span class='ocrx_word' id='word_1_26' title='bbox 1075 518 1078 523; x_wconf 76' lang='grc'><strong>’</strong></span> 
     </span>
    </p>

    <p class='ocr_par' dir='ltr' id='par_1_3' title="bbox 151 612 985 699">
     <span class='ocr_line' id='line_1_5' title="bbox 151 612 985 699; baseline 0.004 -23"><span class='ocrx_word' id='word_1_27' title='bbox 151 616 241 678; x_wconf 88' lang='grc' dir='ltr'><em>ΦΑΙ.</em></span> <span class='ocrx_word' id='word_1_28' title='bbox 280 616 361 677; x_wconf 89' lang='grc' dir='ltr'><em>Τίνα</em></span> <span class='ocrx_word' id='word_1_29' title='bbox 370 618 492 679; x_wconf 83' lang='grc' dir='ltr'><em>τοῦτον</em></span> <span class='ocrx_word' id='word_1_30' title='bbox 503 613 559 679; x_wconf 77' lang='grc' dir='ltr'><em>καὶ</em></span> <span class='ocrx_word' id='word_1_31' title='bbox 573 619 642 691; x_wconf 77' lang='grc' dir='ltr'><em>πῶς</em></span> <span class='ocrx_word' id='word_1_32' title='bbox 653 614 758 698; x_wconf 77' lang='grc' dir='ltr'><em>λέγεις</em></span> <span class='ocrx_word' id='word_1_33' title='bbox 766 612 985 699; x_wconf 75' lang='grc' dir='ltr'><em>γιγνόμενονς</em></span> 
     </span>
    </p>

    <p class='ocr_par' dir='ltr' id='par_1_4' title="bbox 64 703 1073 994">
     <span class='ocr_line' id='line_1_6' title="bbox 150 703 1072 798; baseline 0.005 -25"><span class='ocrx_word' id='word_1_34' title='bbox 150 714 225 774; x_wconf 75' lang='grc' dir='ltr'><em>ΣΩ.</em></span> <span class='ocrx_word' id='word_1_35' title='bbox 250 703 306 788; x_wconf 76' lang='grc' dir='ltr'><em>Ὃς</em></span> <span class='ocrx_word' id='word_1_36' title='bbox 317 706 387 794; x_wconf 87' lang='grc' dir='ltr'><em>μετ’</em></span> <span class='ocrx_word' id='word_1_37' title='bbox 402 708 579 797; x_wconf 79' lang='grc' dir='ltr'><strong><em>ἐπιστήμης</em></strong></span> <span class='ocrx_word' id='word_1_38' title='bbox 594 708 757 796; x_wconf 75' lang='grc' dir='ltr'><em>γράφεται</em></span> <span class='ocrx_word' id='word_1_39' title='bbox 768 712 805 778; x_wconf 83' lang='grc' dir='ltr'><em>ἐν</em></span> <span class='ocrx_word' id='word_1_40' title='bbox 815 718 857 798; x_wconf 78' lang='grc' dir='ltr'><em>τῇ</em></span> <span class='ocrx_word' id='word_1_41' title='bbox 865 717 926 778; x_wconf 85' lang='grc' dir='ltr'><em>τοῦ</em></span> <span class='ocrx_word' id='word_1_42' title='bbox 937 710 1072 796; x_wconf 75' lang='grc' dir='ltr'><em>μανθά-</em></span> 
     </span>
     <span class='ocr_line' id='line_1_7' title="bbox 64 803 1073 897; baseline 0.008 -27"><span class='ocrx_word' id='word_1_43' title='bbox 64 829 182 883; x_wconf 87' lang='grc' dir='ltr'><em>νοντος</em></span> <span class='ocrx_word' id='word_1_44' title='bbox 198 814 304 893; x_wconf 73' lang='grc' dir='ltr'><em>ψυχῇ,</em></span> <span class='ocrx_word' id='word_1_45' title='bbox 327 803 469 885; x_wconf 81' lang='grc' dir='ltr'><em>δυνατὸς</em></span> <span class='ocrx_word' id='word_1_46' title='bbox 480 806 541 892; x_wconf 69' lang='grc' dir='ltr'><em>μὲν</em></span> <span class='ocrx_word' id='word_1_47' title='bbox 552 805 676 893; x_wconf 83' lang='grc' dir='ltr'><em>ιἰμῦναι</em></span> <span class='ocrx_word' id='word_1_48' title='bbox 693 809 816 897; x_wconf 76' lang='grc' dir='ltr'><em>ἑαυτῷ,</em></span> <span class='ocrx_word' id='word_1_49' title='bbox 838 806 1026 894; x_wconf 79' lang='grc' dir='ltr'><em>ἐπιστήμων</em></span> <span class='ocrx_word' id='word_1_50' title='bbox 1037 813 1073 878; x_wconf 77' lang='grc' dir='ltr'><em>δὲ</em></span> 
     </span>
     <span class='ocr_line' id='line_1_8' title="bbox 66 901 628 994; baseline 0.011 -27"><span class='ocrx_word' id='word_1_51' title='bbox 66 904 174 986; x_wconf 81' lang='grc' dir='ltr'><em>λέγειν</em></span> <span class='ocrx_word' id='word_1_52' title='bbox 185 928 220 969; x_wconf 84' lang='grc' dir='ltr'><em>τε</em></span> <span class='ocrx_word' id='word_1_53' title='bbox 230 905 286 971; x_wconf 83' lang='grc' dir='ltr'><em>καὶ</em></span> <span class='ocrx_word' id='word_1_54' title='bbox 298 911 395 993; x_wconf 80' lang='grc' dir='ltr'><em>σιγᾷν</em></span> <span class='ocrx_word' id='word_1_55' title='bbox 406 901 488 994; x_wconf 82' lang='grc' dir='ltr'><em>πρὸς</em></span> <span class='ocrx_word' id='word_1_56' title='bbox 501 901 560 983; x_wconf 73' lang='grc' dir='ltr'><em>οὓς</em></span> <span class='ocrx_word' id='word_1_57' title='bbox 571 908 628 973; x_wconf 86' lang='grc' dir='ltr'><em>δελ.</em></span> 
     </span>
    </p>

    <p class='ocr_par' dir='ltr' id='par_1_5' title="bbox 66 997 1073 1274">
     <span class='ocr_line' id='line_1_9' title="bbox 151 997 1073 1090; baseline 0.007 -24"><span class='ocrx_word' id='word_1_58' title='bbox 151 1006 240 1067; x_wconf 88' lang='grc' dir='ltr'><em>ΦΑΙ.</em></span> <span class='ocrx_word' id='word_1_59' title='bbox 296 997 365 1067; x_wconf 87' lang='grc' dir='ltr'><em>Τόν</em></span> <span class='ocrx_word' id='word_1_60' title='bbox 391 1008 454 1068; x_wconf 84' lang='grc' dir='ltr'><em>τοῦ</em></span> <span class='ocrx_word' id='word_1_61' title='bbox 479 1001 603 1080; x_wconf 82' lang='grc' dir='ltr'><em>εἰδότος</em></span> <span class='ocrx_word' id='word_1_62' title='bbox 630 1002 732 1087; x_wconf 84' lang='grc' dir='ltr'><em>λόγον</em></span> <span class='ocrx_word' id='word_1_63' title='bbox 758 1005 862 1090; x_wconf 81' lang='grc' dir='ltr'><em>λέγεις</em></span> <span class='ocrx_word' id='word_1_64' title='bbox 887 1009 993 1086; x_wconf 73' lang='grc' dir='ltr'><em>ζιόντα</em></span> <span class='ocrx_word' id='word_1_65' title='bbox 1017 1005 1073 1072; x_wconf 82' lang='grc' dir='ltr'><em>ναὶ</em></span> 
     </span>
     <span class='ocr_line' id='line_1_10' title="bbox 66 1089 1068 1190; baseline 0.009 -30"><span class='ocrx_word' id='word_1_66' title='bbox 66 1100 231 1190; x_wconf 77' lang='grc' dir='ltr'><em>ἔμψυχον,</em></span> <span class='ocrx_word' id='word_1_67' title='bbox 261 1089 304 1164; x_wconf 80' lang='grc' dir='ltr'><em>οὗ</em></span> <span class='ocrx_word' id='word_1_68' title='bbox 321 1095 338 1164; x_wconf 89' lang='grc' dir='ltr'>ὁ</span> <span class='ocrx_word' id='word_1_69' title='bbox 363 1100 587 1186; x_wconf 74' lang='grc' dir='ltr'><em>γεγραμμένος</em></span> <span class='ocrx_word' id='word_1_70' title='bbox 605 1105 743 1169; x_wconf 78' lang='grc' dir='ltr'><em>εἴδωλον</em></span> <span class='ocrx_word' id='word_1_71' title='bbox 760 1099 804 1169; x_wconf 85' lang='grc' dir='ltr'><em>άν</em></span> <span class='ocrx_word' id='word_1_72' title='bbox 819 1128 852 1169; x_wconf 89' lang='grc' dir='ltr'><em>τι</em></span> <span class='ocrx_word' id='word_1_73' title='bbox 871 1105 998 1188; x_wconf 79' lang='grc' dir='ltr'><em>λέγοιτο</em></span> <span class='ocrx_word' id='word_1_74' title='bbox 1019 1106 1068 1169; x_wconf 93' lang='grc' dir='ltr'><em>δι-</em></span> 
     </span>
     <span class='ocr_line' id='line_1_11' title="bbox 67 1203 177 1274; baseline 0 -11"><span class='ocrx_word' id='word_1_75' title='bbox 67 1203 177 1274; x_wconf 80' lang='grc' dir='ltr'><em>ναίοις.</em></span> 
     </span>
    </p>

    <p class='ocr_par' dir='ltr' id='par_1_6' title="bbox 65 1289 1112 2167">
     <span class='ocr_line' id='line_1_12' title="bbox 149 1289 1112 1386; baseline 0.006 -24"><span class='ocrx_word' id='word_1_76' title='bbox 149 1302 226 1362; x_wconf 85' lang='lat' dir='ltr'><strong>LXI.</strong></span> <span class='ocrx_word' id='word_1_77' title='bbox 269 1303 342 1364; x_wconf 68' lang='lat'><em>252.</em></span> <span class='ocrx_word' id='word_1_78' title='bbox 374 1296 571 1365; x_wconf 88' lang='grc' dir='ltr'><em>Παντάπασι</em></span> <span class='ocrx_word' id='word_1_79' title='bbox 588 1298 648 1384; x_wconf 66' lang='grc' dir='ltr'><em>μὲν</em></span> <span class='ocrx_word' id='word_1_80' title='bbox 665 1289 736 1366; x_wconf 78' lang='grc' dir='ltr'><em>οὖν.</em></span> <span class='ocrx_word' id='word_1_81' title='bbox 760 1297 837 1367; x_wconf 84' lang='grc' dir='ltr'><em>τόδε</em></span> <span class='ocrx_word' id='word_1_82' title='bbox 854 1299 896 1385; x_wconf 82' lang='grc' dir='ltr'><em>δη’</em></span> <span class='ocrx_word' id='word_1_83' title='bbox 912 1325 969 1386; x_wconf 93' lang='grc' dir='ltr'><em>μοι</em></span> <span class='ocrx_word' id='word_1_84' title='bbox 985 1303 1071 1368; x_wconf 78' lang='grc' dir='ltr'><em>εἰπέ·</em></span> <span class='ocrx_word' id='word_1_85' title='bbox 1091 1310 1112 1360; x_wconf 88' lang='grc' dir='ltr'><strong>Β</strong></span> 
     </span>
     <span class='ocr_line' id='line_1_13' title="bbox 67 1387 1074 1483; baseline 0.005 -23"><span class='ocrx_word' id='word_1_86' title='bbox 67 1394 83 1460; x_wconf 89' lang='grc' dir='ltr'>ὁ</span> <span class='ocrx_word' id='word_1_87' title='bbox 100 1401 184 1460; x_wconf 78' lang='grc' dir='ltr'><em>νοῦν</em></span> <span class='ocrx_word' id='word_1_88' title='bbox 196 1399 279 1479; x_wconf 80' lang='grc' dir='ltr'><em>ἔχων</em></span> <span class='ocrx_word' id='word_1_89' title='bbox 289 1395 450 1480; x_wconf 83' lang='grc' dir='ltr'><em>γεωργός,</em></span> <span class='ocrx_word' id='word_1_90' title='bbox 472 1387 520 1463; x_wconf 59' lang='lat' dir='ltr'><em>dv</em></span> <span class='ocrx_word' id='word_1_91' title='bbox 531 1396 729 1483; x_wconf 75' lang='grc' dir='ltr'><strong><em>σπερμάτων</em></strong></span> <span class='ocrx_word' id='word_1_92' title='bbox 739 1396 872 1482; x_wconf 83' lang='grc' dir='ltr'><em>κη’δοιτο</em></span> <span class='ocrx_word' id='word_1_93' title='bbox 885 1398 939 1464; x_wconf 84' lang='grc' dir='ltr'><em>καὶ</em></span> <span class='ocrx_word' id='word_1_94' title='bbox 952 1403 1074 1482; x_wconf 78' lang='grc' dir='ltr'><em>ἔγκαρ-</em></span> 
     </span>
     <span class='ocr_line' id='line_1_14' title="bbox 68 1490 1072 1580; baseline 0.006 -23"><span class='ocrx_word' id='word_1_95' title='bbox 68 1516 114 1557; x_wconf 94' lang='grc' dir='ltr'><em>πα</em></span> <span class='ocrx_word' id='word_1_96' title='bbox 140 1490 295 1576; x_wconf 81' lang='grc' dir='ltr'><em>βούλοιτο</em></span> <span class='ocrx_word' id='word_1_97' title='bbox 317 1495 490 1579; x_wconf 78' lang='grc' dir='ltr'><em>γενέσθαι,</em></span> <span class='ocrx_word' id='word_1_98' title='bbox 520 1494 642 1579; x_wconf 86' lang='grc' dir='ltr'><em>πότερα</em></span> <span class='ocrx_word' id='word_1_99' title='bbox 664 1497 795 1579; x_wconf 82' lang='grc' dir='ltr'><strong><em>σπουδῇ</em></strong></span> <span class='ocrx_word' id='word_1_100' title='bbox 817 1491 859 1560; x_wconf 79' lang='grc' dir='ltr'><em>δν</em></span> <span class='ocrx_word' id='word_1_101' title='bbox 880 1498 1004 1580; x_wconf 80' lang='grc' dir='ltr'><em>θέρους</em></span> <span class='ocrx_word' id='word_1_102' title='bbox 1025 1500 1072 1575; x_wconf 79' lang='grc' dir='ltr'><em>εἰς</em></span> 
     </span>
     <span class='ocr_line' id='line_1_15' title="bbox 65 1586 1073 1678; baseline 0.006 -25"><span class='ocrx_word' id='word_1_103' title='bbox 65 1589 239 1667; x_wconf 74' lang='grc' dir='ltr'><em>Ἀδώνιδος</em></span> <span class='ocrx_word' id='word_1_104' title='bbox 257 1590 383 1676; x_wconf 81' lang='grc' dir='ltr'><em>κήπους</em></span> <span class='ocrx_word' id='word_1_105' title='bbox 400 1586 493 1676; x_wconf 81' lang='grc' dir='ltr'><em>άρῶυ</em></span> <span class='ocrx_word' id='word_1_106' title='bbox 508 1597 616 1676; x_wconf 83' lang='grc' dir='ltr'><em>χαίροι</em></span> <span class='ocrx_word' id='word_1_107' title='bbox 633 1598 775 1675; x_wconf 75' lang='grc' dir='ltr'><em>θεωρῶν</em></span> <span class='ocrx_word' id='word_1_108' title='bbox 791 1588 914 1668; x_wconf 84' lang='grc' dir='ltr'><em>καλοδς</em></span> <span class='ocrx_word' id='word_1_109' title='bbox 936 1594 972 1658; x_wconf 83' lang='grc' dir='ltr'><em>ἐν</em></span> <span class='ocrx_word' id='word_1_110' title='bbox 992 1587 1073 1678; x_wconf 79' lang='grc' dir='ltr'><em>ἡμέ-</em></span> 
     </span>
     <span class='ocr_line' id='line_1_16' title="bbox 74 1684 1074 1775; baseline 0.005 -23"><span class='ocrx_word' id='word_1_111' title='bbox 74 1707 185 1772; x_wconf 91' lang='grc' dir='ltr'><em>ραισιν</em></span> <span class='ocrx_word' id='word_1_112' title='bbox 207 1686 292 1755; x_wconf 76' lang='grc' dir='ltr'><strong><em>ὀκτώ</em></strong></span> <span class='ocrx_word' id='word_1_113' title='bbox 314 1693 547 1774; x_wconf 81' lang='grc' dir='ltr'><em>γιγνομένους,</em></span> <span class='ocrx_word' id='word_1_114' title='bbox 575 1684 597 1775; x_wconf 77' lang='grc' dir='ltr'><em>ἢ</em></span> <span class='ocrx_word' id='word_1_115' title='bbox 620 1687 800 1773; x_wconf 74' lang='grc' dir='ltr'><em>ταῦταμὲν</em></span> <span class='ocrx_word' id='word_1_116' title='bbox 824 1685 863 1773; x_wconf 79' lang='grc' dir='ltr'><em>δὴ</em></span> <span class='ocrx_word' id='word_1_117' title='bbox 885 1692 1018 1766; x_wconf 79' lang='grc' dir='ltr'><em>παιδιάς</em></span> <span class='ocrx_word' id='word_1_118' title='bbox 1039 1714 1074 1757; x_wconf 83' lang='grc' dir='ltr'><em>τε</em></span> 
     </span>
     <span class='ocr_line' id='line_1_17' title="bbox 70 1781 1074 1876; baseline 0.004 -26"><span class='ocrx_word' id='word_1_119' title='bbox 70 1785 126 1851; x_wconf 82' lang='grc' dir='ltr'><em>καὶ</em></span> <span class='ocrx_word' id='word_1_120' title='bbox 148 1786 262 1871; x_wconf 82' lang='grc' dir='ltr'><em>ἑορτῆς</em></span> <span class='ocrx_word' id='word_1_121' title='bbox 282 1786 379 1871; x_wconf 80' lang='grc' dir='ltr'><em>χάριν</em></span> <span class='ocrx_word' id='word_1_122' title='bbox 406 1785 495 1876; x_wconf 73' lang='grc' dir='ltr'><em>δρῴη</em></span> <span class='ocrx_word' id='word_1_123' title='bbox 517 1785 576 1870; x_wconf 63' lang='lat' dir='ltr'><em>div,</em></span> <span class='ocrx_word' id='word_1_124' title='bbox 609 1785 663 1854; x_wconf 83' lang='grc' dir='ltr'><em>ὅτε</em></span> <span class='ocrx_word' id='word_1_125' title='bbox 685 1789 740 1853; x_wconf 77' lang='grc' dir='ltr'><em>καὶ</em></span> <span class='ocrx_word' id='word_1_126' title='bbox 760 1798 863 1853; x_wconf 78' lang='grc' dir='ltr'><em>ποιοῖ·</em></span> <span class='ocrx_word' id='word_1_127' title='bbox 896 1784 944 1872; x_wconf 80' lang='grc' dir='ltr'><em>ἐφ’</em></span> <span class='ocrx_word' id='word_1_128' title='bbox 969 1781 1018 1864; x_wconf 75' lang='grc' dir='ltr'><em>οἱς</em></span> <span class='ocrx_word' id='word_1_129' title='bbox 1037 1786 1074 1854; x_wconf 69' lang='grc' dir='ltr'><em>δὲ</em></span> 
     </span>
     <span class='ocr_line' id='line_1_18' title="bbox 69 1881 1074 1972; baseline 0.003 -25"><span class='ocrx_word' id='word_1_130' title='bbox 69 1883 270 1967; x_wconf 81' lang='grc' dir='ltr'><em>ἐσπούδακε,</em></span> <span class='ocrx_word' id='word_1_131' title='bbox 299 1890 339 1972; x_wconf 78' lang='grc' dir='ltr'><em>τη</em></span> <span class='ocrx_word' id='word_1_132' title='bbox 360 1892 526 1971; x_wconf 77' lang='grc' dir='ltr'><em>γεωργικη</em></span> <span class='ocrx_word' id='word_1_133' title='bbox 546 1884 713 1970; x_wconf 80' lang='grc' dir='ltr'><em>χρώμενος</em></span> <span class='ocrx_word' id='word_1_134' title='bbox 734 1887 831 1971; x_wconf 82' lang='grc' dir='ltr'><em>τέχνη</em></span> <span class='ocrx_word' id='word_1_135' title='bbox 850 1881 909 1967; x_wconf 85' lang='grc' dir='ltr'><em>άν,</em></span> <span class='ocrx_word' id='word_1_136' title='bbox 937 1890 1074 1967; x_wconf 81' lang='grc' dir='ltr'><em>σπείρας</em></span> 
     </span>
     <span class='ocr_line' id='line_1_19' title="bbox 69 1977 1074 2072; baseline 0.001 -26"><span class='ocrx_word' id='word_1_137' title='bbox 69 1985 115 2058; x_wconf 76' lang='grc' dir='ltr'><em>εἰς</em></span> <span class='ocrx_word' id='word_1_138' title='bbox 130 1979 166 2048; x_wconf 89' lang='grc' dir='ltr'>τὸ</span> <span class='ocrx_word' id='word_1_139' title='bbox 184 1991 371 2068; x_wconf 80' lang='grc' dir='ltr'><em>προσῆκον,</em></span> <span class='ocrx_word' id='word_1_140' title='bbox 386 1979 524 2072; x_wconf 72' lang='grc' dir='ltr'><em>ἀγαπῴη</em></span> <span class='ocrx_word' id='word_1_141' title='bbox 542 1977 585 2049; x_wconf 78' lang='grc' dir='ltr'><em>δν</em></span> <span class='ocrx_word' id='word_1_142' title='bbox 601 1984 637 2050; x_wconf 84' lang='grc' dir='ltr'><em>ἐν</em></span> <span class='ocrx_word' id='word_1_143' title='bbox 655 1980 763 2070; x_wconf 76' lang='grc' dir='ltr'><em>ὀγδόῳ</em></span> <span class='ocrx_word' id='word_1_144' title='bbox 776 1983 854 2067; x_wconf 77' lang='grc' dir='ltr'><em>μηνὶ</em></span> <span class='ocrx_word' id='word_1_145' title='bbox 872 1977 934 2048; x_wconf 84' lang='grc' dir='ltr'><em>ὅσα</em></span> <span class='ocrx_word' id='word_1_146' title='bbox 945 1985 1074 2064; x_wconf 80' lang='grc' dir='ltr'><em>ἔσπειρε</em></span> 
     </span>
     <span class='ocr_line' id='line_1_20' title="bbox 65 2080 330 2167; baseline 0.011 -23"><span class='ocrx_word' id='word_1_147' title='bbox 65 2080 330 2167; x_wconf 82' lang='grc' dir='ltr'><em>τέλοςλαβόυτα;</em></span> 
     </span>
    </p>

    <p class='ocr_par' dir='ltr' id='par_1_7' title="bbox 68 2168 1127 2361">
     <span class='ocr_line' id='line_1_21' title="bbox 153 2168 1127 2265; baseline 0 -22"><span class='ocrx_word' id='word_1_148' title='bbox 153 2183 241 2245; x_wconf 87' lang='grc' dir='ltr'><em>ΦΑΙ.</em></span> <span class='ocrx_word' id='word_1_149' title='bbox 278 2177 374 2244; x_wconf 79' lang='grc' dir='ltr'><em>Οὕτω</em></span> <span class='ocrx_word' id='word_1_150' title='bbox 388 2201 470 2261; x_wconf 88' lang='grc' dir='ltr'><em>που,</em></span> <span class='ocrx_word' id='word_1_151' title='bbox 494 2168 521 2243; x_wconf 73' lang='grc' dir='ltr'><em>ὦ</em></span> <span class='ocrx_word' id='word_1_152' title='bbox 534 2177 727 2265; x_wconf 75' lang='grc' dir='ltr'><em>Σώκρατες,</em></span> <span class='ocrx_word' id='word_1_153' title='bbox 745 2174 785 2245; x_wconf 85' lang='grc' dir='ltr'><em>τά</em></span> <span class='ocrx_word' id='word_1_154' title='bbox 796 2178 858 2264; x_wconf 80' lang='grc' dir='ltr'><em>μὲν</em></span> <span class='ocrx_word' id='word_1_155' title='bbox 869 2181 1016 2264; x_wconf 78' lang='grc' dir='ltr'><em>σπουδῇ,</em></span> <span class='ocrx_word' id='word_1_156' title='bbox 1032 2173 1073 2244; x_wconf 84' lang='grc' dir='ltr'><em>τά</em></span> <span class='ocrx_word' id='word_1_157' title='bbox 1108 2178 1127 2232; x_wconf 77' lang='lat'>0</span> 
     </span>
     <span class='ocr_line' id='line_1_22' title="bbox 68 2266 635 2361; baseline 0.005 -21"><span class='ocrx_word' id='word_1_158' title='bbox 68 2272 105 2340; x_wconf 78' lang='grc' dir='ltr'><em>δὲ</em></span> <span class='ocrx_word' id='word_1_159' title='bbox 117 2269 160 2352; x_wconf 83' lang='grc' dir='ltr'><em>ὡς</em></span> <span class='ocrx_word' id='word_1_160' title='bbox 171 2275 287 2359; x_wconf 81' lang='grc' dir='ltr'><em>ἑτέρως</em></span> <span class='ocrx_word' id='word_1_161' title='bbox 299 2272 357 2360; x_wconf 86' lang='grc' dir='ltr'><em>άν,</em></span> <span class='ocrx_word' id='word_1_162' title='bbox 371 2266 394 2361; x_wconf 78' lang='grc' dir='ltr'><em>ᾗ</em></span> <span class='ocrx_word' id='word_1_163' title='bbox 405 2277 525 2358; x_wconf 82' lang='grc' dir='ltr'><em>λέγεις,</em></span> <span class='ocrx_word' id='word_1_164' title='bbox 539 2286 635 2344; x_wconf 86' lang='grc' dir='ltr'><em>ποιολ.</em></span> 
     </span>
    </p>

    <p class='ocr_par' dir='ltr' id='par_1_8' title="bbox 66 2366 1074 2653">
     <span class='ocr_line' id='line_1_23' title="bbox 154 2366 1074 2455; baseline -0.003 -18"><span class='ocrx_word' id='word_1_165' title='bbox 154 2377 229 2437; x_wconf 71' lang='grc' dir='ltr'><em>Σλλ.</em></span> <span class='ocrx_word' id='word_1_166' title='bbox 265 2366 333 2437; x_wconf 83' lang='grc' dir='ltr'><em>Τόν</em></span> <span class='ocrx_word' id='word_1_167' title='bbox 345 2371 529 2440; x_wconf 72' lang='grc' dir='ltr'><em>δδδικαίων</em></span> <span class='ocrx_word' id='word_1_168' title='bbox 541 2373 642 2440; x_wconf 78' lang='grc' dir='ltr'><em>τεκαὶ</em></span> <span class='ocrx_word' id='word_1_169' title='bbox 659 2379 771 2439; x_wconf 79' lang='grc' dir='ltr'><em>τιαλιδυ</em></span> <span class='ocrx_word' id='word_1_170' title='bbox 782 2372 837 2439; x_wconf 83' lang='grc' dir='ltr'><em>καὶ</em></span> <span class='ocrx_word' id='word_1_171' title='bbox 852 2369 992 2455; x_wconf 77' lang='grc' dir='ltr'><em>άγαδεδυ</em></span> <span class='ocrx_word' id='word_1_172' title='bbox 1003 2372 1074 2435; x_wconf 86' lang='grc' dir='ltr'><em>ἑπι-</em></span> 
     </span>
     <span class='ocr_line' id='line_1_24' title="bbox 67 2461 1074 2555; baseline -0.003 -21"><span class='ocrx_word' id='word_1_173' title='bbox 67 2467 192 2553; x_wconf 81' lang='grc' dir='ltr'><em>στημας</em></span> <span class='ocrx_word' id='word_1_174' title='bbox 210 2474 326 2554; x_wconf 76' lang='grc' dir='ltr'><em>ἔχοντα</em></span> <span class='ocrx_word' id='word_1_175' title='bbox 343 2477 404 2536; x_wconf 82' lang='grc' dir='ltr'><em>τοῦ</em></span> <span class='ocrx_word' id='word_1_176' title='bbox 420 2476 570 2555; x_wconf 79' lang='grc' dir='ltr'><em>γεωργοῦ</em></span> <span class='ocrx_word' id='word_1_177' title='bbox 588 2476 705 2554; x_wconf 81' lang='grc' dir='ltr'><em>φῶμεν</em></span> <span class='ocrx_word' id='word_1_178' title='bbox 720 2461 820 2555; x_wconf 77' lang='grc' dir='ltr'><em>ἦττον</em></span> <span class='ocrx_word' id='word_1_179' title='bbox 837 2474 921 2536; x_wconf 81' lang='grc' dir='ltr'><em>νοῦν</em></span> <span class='ocrx_word' id='word_1_180' title='bbox 933 2472 1018 2552; x_wconf 78' lang='grc' dir='ltr'><em>ἔχειν</em></span> <span class='ocrx_word' id='word_1_181' title='bbox 1028 2469 1074 2543; x_wconf 81' lang='grc' dir='ltr'><em>εἰς</em></span> 
     </span>
     <span class='ocr_line' id='line_1_25' title="bbox 66 2564 441 2653; baseline 0 -20"><span class='ocrx_word' id='word_1_182' title='bbox 66 2564 106 2633; x_wconf 87' lang='grc' dir='ltr'><em>τά</em></span> <span class='ocrx_word' id='word_1_183' title='bbox 118 2567 238 2633; x_wconf 78' lang='grc' dir='ltr'><em>ἑαυτοῦ</em></span> <span class='ocrx_word' id='word_1_184' title='bbox 255 2570 441 2653; x_wconf 72' lang='grc' dir='ltr'><em>σπέρματος</em></span> 
     </span>
    </p>

    <p class='ocr_par' dir='ltr' id='par_1_9' title="bbox 153 2662 465 2750">
     <span class='ocr_line' id='line_1_26' title="bbox 153 2662 465 2750; baseline 0.003 -19"><span class='ocrx_word' id='word_1_185' title='bbox 153 2670 242 2732; x_wconf 83' lang='grc' dir='ltr'><em>ΦΑΙ.</em></span> <span class='ocrx_word' id='word_1_186' title='bbox 269 2662 407 2732; x_wconf 86' lang='grc' dir='ltr'><em>Ἥκιστά</em></span> <span class='ocrx_word' id='word_1_187' title='bbox 419 2691 465 2750; x_wconf 86' lang='grc' dir='ltr'><em>γε.</em></span> 
     </span>
    </p>

    <p class='ocr_par' dir='ltr' id='par_1_10' title="bbox 66 2760 1075 3045">
     <span class='ocr_line' id='line_1_27' title="bbox 151 2760 1075 2851; baseline -0.008 -21"><span class='ocrx_word' id='word_1_188' title='bbox 151 2769 225 2830; x_wconf 73' lang='grc' dir='ltr'><em>ΣΩ.</em></span> <span class='ocrx_word' id='word_1_189' title='bbox 261 2762 332 2831; x_wconf 78' lang='grc' dir='ltr'><em>Οὐκ</em></span> <span class='ocrx_word' id='word_1_190' title='bbox 351 2762 416 2846; x_wconf 80' lang='grc' dir='ltr'><em>ἄρα</em></span> <span class='ocrx_word' id='word_1_191' title='bbox 433 2768 564 2851; x_wconf 78' lang='grc' dir='ltr'><em>σπουδῇ</em></span> <span class='ocrx_word' id='word_1_192' title='bbox 575 2760 659 2830; x_wconf 78' lang='grc' dir='ltr'><em>αὐτά</em></span> <span class='ocrx_word' id='word_1_193' title='bbox 672 2767 708 2831; x_wconf 83' lang='grc' dir='ltr'><em>ἐν</em></span> <span class='ocrx_word' id='word_1_194' title='bbox 719 2761 816 2830; x_wconf 76' lang='grc' dir='ltr'><em>ὕδατι</em></span> <span class='ocrx_word' id='word_1_195' title='bbox 827 2761 947 2849; x_wconf 77' lang='grc' dir='ltr'><em>γράψει</em></span> <span class='ocrx_word' id='word_1_196' title='bbox 959 2760 1075 2846; x_wconf 82' lang='grc' dir='ltr'><em>με’λανι</em></span> 
     </span>
     <span class='ocr_line' id='line_1_28' title="bbox 67 2854 1075 2948; baseline -0.005 -21"><span class='ocrx_word' id='word_1_197' title='bbox 67 2866 217 2943; x_wconf 86' lang='grc' dir='ltr'><em>σπείρων</em></span> <span class='ocrx_word' id='word_1_198' title='bbox 230 2862 284 2927; x_wconf 82' lang='grc' dir='ltr'><em>διὰ</em></span> <span class='ocrx_word' id='word_1_199' title='bbox 297 2860 450 2946; x_wconf 81' lang='grc' dir='ltr'><em>καλάμου</em></span> <span class='ocrx_word' id='word_1_200' title='bbox 467 2858 548 2948; x_wconf 87' lang='grc' dir='ltr'><em>μετά</em></span> <span class='ocrx_word' id='word_1_201' title='bbox 566 2861 676 2948; x_wconf 82' lang='grc' dir='ltr'><em>λόγον</em></span> <span class='ocrx_word' id='word_1_202' title='bbox 692 2859 868 2930; x_wconf 82' lang='grc' dir='ltr'><em>ἀδυνάτων</em></span> <span class='ocrx_word' id='word_1_203' title='bbox 885 2858 946 2946; x_wconf 76' lang='grc' dir='ltr'><em>μὲν</em></span> <span class='ocrx_word' id='word_1_204' title='bbox 964 2854 1075 2933; x_wconf 78' lang='grc' dir='ltr'><em>αὑτοῖς</em></span> 
     </span>
     <span class='ocr_line' id='line_1_29' title="bbox 66 2955 982 3045; baseline -0.004 -21"><span class='ocrx_word' id='word_1_205' title='bbox 66 2958 156 3045; x_wconf 78' lang='grc' dir='ltr'><em>λόγῳ</em></span> <span class='ocrx_word' id='word_1_206' title='bbox 168 2965 323 3044; x_wconf 77' lang='grc' dir='ltr'><em>βοηθεῖν,</em></span> <span class='ocrx_word' id='word_1_207' title='bbox 337 2958 514 3027; x_wconf 87' lang='grc' dir='ltr'><em>άδυνάτιον</em></span> <span class='ocrx_word' id='word_1_208' title='bbox 526 2959 562 3028; x_wconf 76' lang='grc' dir='ltr'><em>δὲ</em></span> <span class='ocrx_word' id='word_1_209' title='bbox 573 2963 694 3040; x_wconf 74' lang='grc' dir='ltr'><em>ἱκανῶς</em></span> <span class='ocrx_word' id='word_1_210' title='bbox 705 2958 833 3045; x_wconf 74' lang='grc' dir='ltr'><em>τάληθῆ</em></span> <span class='ocrx_word' id='word_1_211' title='bbox 846 2955 982 3034; x_wconf 85' lang='grc' dir='ltr'><em>διδάξαι.</em></span> 
     </span>
    </p>

    <p class='ocr_par' dir='ltr' id='par_1_11' title="bbox 152 3055 665 3144">
     <span class='ocr_line' id='line_1_30' title="bbox 152 3055 665 3144; baseline 0.008 -22"><span class='ocrx_word' id='word_1_212' title='bbox 152 3063 240 3123; x_wconf 85' lang='grc' dir='ltr'><em>ΦΑΙ.</em></span> <span class='ocrx_word' id='word_1_213' title='bbox 275 3055 412 3126; x_wconf 74' lang='grc' dir='ltr'><em>Οὔκουν</em></span> <span class='ocrx_word' id='word_1_214' title='bbox 424 3055 464 3144; x_wconf 74' lang='grc' dir='ltr'><em>δη’</em></span> <span class='ocrx_word' id='word_1_215' title='bbox 476 3055 558 3143; x_wconf 87' lang='grc' dir='ltr'><em>τόγ’</em></span> <span class='ocrx_word' id='word_1_216' title='bbox 571 3057 665 3137; x_wconf 80' lang='grc' dir='ltr'><em>εἰκός.</em></span> 
     </span>
    </p>

    <p class='ocr_par' dir='ltr' id='par_1_12' title="bbox 66 3148 1171 3339">
     <span class='ocr_line' id='line_1_31' title="bbox 151 3148 1115 3241; baseline -0.003 -21"><span class='ocrx_word' id='word_1_217' title='bbox 151 3160 226 3220; x_wconf 76' lang='grc' dir='ltr'><em>ΣΩ.</em></span> <span class='ocrx_word' id='word_1_218' title='bbox 266 3152 318 3222; x_wconf 79' lang='grc' dir='ltr'><em>Οὐ</em></span> <span class='ocrx_word' id='word_1_219' title='bbox 333 3155 412 3239; x_wconf 87' lang='grc' dir='ltr'><em>γάρ·</em></span> <span class='ocrx_word' id='word_1_220' title='bbox 437 3152 519 3224; x_wconf 83' lang='grc' dir='ltr'><em>άλλδ</em></span> <span class='ocrx_word' id='word_1_221' title='bbox 537 3154 616 3234; x_wconf 86' lang='grc' dir='ltr'><em>τοδς</em></span> <span class='ocrx_word' id='word_1_222' title='bbox 627 3155 687 3241; x_wconf 72' lang='grc' dir='ltr'><em>μὲν</em></span> <span class='ocrx_word' id='word_1_223' title='bbox 698 3158 735 3221; x_wconf 79' lang='grc' dir='ltr'><em>ἐν</em></span> <span class='ocrx_word' id='word_1_224' title='bbox 751 3152 919 3240; x_wconf 89' lang='grc' dir='ltr'><em>γράμμασι</em></span> <span class='ocrx_word' id='word_1_225' title='bbox 937 3148 1075 3239; x_wconf 78' lang='grc' dir='ltr'><em>κήπους,</em></span> <span class='ocrx_word' id='word_1_226' title='bbox 1094 3167 1115 3217; x_wconf 82' lang='grc' dir='ltr'><em>Ι)</em></span> 
     </span>
     <span class='ocr_line' id='line_1_32' title="bbox 66 3246 1171 3339; baseline 0.002 -22"><span class='ocrx_word' id='word_1_227' title='bbox 66 3246 109 3330; x_wconf 77' lang='grc' dir='ltr'><em>ὡς</em></span> <span class='ocrx_word' id='word_1_228' title='bbox 121 3257 215 3337; x_wconf 82' lang='grc' dir='ltr'><em>ἔοικε,</em></span> <span class='ocrx_word' id='word_1_229' title='bbox 229 3256 360 3331; x_wconf 81' lang='grc' dir='ltr'><em>παιδιάς</em></span> <span class='ocrx_word' id='word_1_230' title='bbox 370 3252 467 3338; x_wconf 87' lang='grc' dir='ltr'><em>χάριν</em></span> <span class='ocrx_word' id='word_1_231' title='bbox 476 3265 591 3339; x_wconf 78' lang='grc' dir='ltr'><em>σπερεϊ</em></span> <span class='ocrx_word' id='word_1_232' title='bbox 598 3277 633 3320; x_wconf 88' lang='grc' dir='ltr'><em>τε</em></span> <span class='ocrx_word' id='word_1_233' title='bbox 644 3254 699 3320; x_wconf 78' lang='grc' dir='ltr'><em>καὶ</em></span> <span class='ocrx_word' id='word_1_234' title='bbox 709 3251 840 3339; x_wconf 84' lang='grc' dir='ltr'><em>γράψει,</em></span> <span class='ocrx_word' id='word_1_235' title='bbox 853 3251 934 3320; x_wconf 85' lang='grc' dir='ltr'><em>ὅταν</em></span> <span class='ocrx_word' id='word_1_236' title='bbox 943 3248 1068 3338; x_wconf 81' lang='grc' dir='ltr'><em>γράφη,</em></span> <span class='ocrx_word' id='word_1_237' title='bbox 1152 3270 1171 3311; x_wconf 79' lang='lat'><em>-1&#39;</em></span> 
     </span>
    </p>
   </div>
   <div class='ocr_carea' id='block_1_3' title="bbox 1093 3488 1121 3527">
    <p class='ocr_par' dir='ltr' id='par_1_13' title="bbox 1093 3488 1121 3527">
     <span class='ocr_line' id='line_1_33' title="bbox 1093 3488 1121 3527; baseline 0 0"><span class='ocrx_word' id='word_1_238' title='bbox 1093 3488 1121 3527; x_wconf 74' lang='grc' dir='ltr'><em>,Ι</em></span> 
     </span>
    </p>
   </div>
   <div class='ocr_carea' id='block_1_4' title="bbox 0 0 1214 3780">
    <p class='ocr_par' dir='ltr' id='par_1_14' title="bbox 0 0 1214 3780">
     <span class='ocr_line' id='line_1_34' title="bbox 0 0 1214 3780; baseline 0 0"><span class='ocrx_word' id='word_1_239' title='bbox 0 0 1214 3780; x_wconf 95' lang='lat' dir='ltr'><em> </em></span> 
     </span>
    </p>
   </div>
  </div>
 </body>
</html>
