2422 3780
59 184 112 239 ,1401
447 177 677 235 ΦΛΙΔΡΟΣ.
1004 174 1068 238 239

60 335 205 422 δύναμιν
215 333 237 403 δ’
246 362 278 403 τι
287 344 442 422 καλλίστη
452 340 507 403 καί
516 332 633 421 άρίστη
643 339 774 404 δέδοταί
780 362 815 403 τε
825 337 879 404 καὶ
889 337 1067 404 ε’κτέτιοται

59 437 260 524 παλινῳδία,
282 435 322 502 τά
344 460 379 503 τε
400 433 483 502 ἄλλα
500 435 556 502 καὶ
571 447 638 514 τοῖς
655 430 816 521 ὀνόμασιν
831 430 1064 522 ἠναγκασμένη

60 547 241 619 ποιητικοῖς
257 536 321 602 τισὶ
339 529 392 601 διά
405 536 553 618 Φαῖδρον
569 540 733 622 εἰρῆσθαι.
765 531 849 602 άλλδ
867 542 935 603 τοόν
946 540 1067 622 προτέ-

61 656 134 716 ρων
149 656 185 698 τε
200 631 402 718 συγγνώμην
418 634 473 699 καὶ
488 636 594 701 τῶνδε
609 634 708 721 χάριν
725 640 826 722 ἔχων,
851 631 990 721 εὐμενὴς
1011 638 1066 702 καὶ

61 733 158 809 Ῐλεως
173 727 236 816 τὴν
250 733 412 819 ἐρωτικήν
429 757 485 817 μοι
496 734 630 820 τέχνην,
651 731 695 821 ἢν
705 738 845 818 ἔδωκας,
867 733 948 819 μήτε
959 731 1066 820 άφὲλη

60 827 144 915 μήτε
154 827 310 918 πηράσης
321 827 365 898 δι’
379 828 498 918 ὀργήν,
519 835 614 900 δίδον
627 830 659 900 δ’
671 838 718 900 ἒτι
729 828 889 919 μάλλονῆ
901 842 965 901 νῦν
976 834 1065 915 παρά

57 941 130 1007 τοῖς
148 937 261 1009 καλοῖς
280 936 389 1018 τίμιον
410 929 502 999 εἶναι.
534 939 581 1020 τῷ
596 931 747 1016 πρόσθεν
764 927 796 998 δ’
817 940 851 1000 εί
855 957 887 999 τι
903 931 991 1023 λόγῳ
1010 953 1063 1000 σοι
1080 942 1100 992 Β

58 1027 184 1116 ἀπηνὲς
198 1039 334 1117 εἴπομεν
346 1032 492 1118 Φαῖδρός
502 1058 536 1101 τε
547 1033 601 1100 καὶ
611 1029 692 1115 ἐγά,
715 1036 846 1098 Λυσίαν
855 1029 916 1100 τδν
926 1039 986 1100 τοῦ
1005 1032 1064 1100 λό-

57 1152 124 1215 γον
134 1132 258 1213 πατέρα
269 1130 462 1218 αίτιάμενος
473 1138 559 1199 παῦε
569 1126 933 1215 τάντοιοάτωνλόγων,
944 1133 998 1199 ἐπὶ
1007 1159 1065 1217 φι-
1181 1148 1184 1155 ’

58 1233 226 1313 λοσοφίαν
235 1231 286 1316 δέ,
306 1228 415 1316 ὥσπερ
428 1231 445 1297 ὁ
458 1227 601 1316 άδελφδς
612 1226 719 1296 αὐτοῦ
727 1231 940 1317 Πολέμαρχος
949 1233 1065 1314 τέτρα-

61 1349 156 1411 πται,
178 1329 318 1411 τρέψον,
339 1332 395 1395 ἵνα
405 1330 460 1397 καὶ
471 1326 489 1398 ὁ
502 1327 639 1415 ἐραστὴς
650 1327 707 1396 ὅδε
719 1327 825 1396 αὐτοῦ
835 1333 950 1416 μηκέτι
960 1333 1064 1415 ἐπαμ-

58 1431 214 1512 φοτερίζη
223 1425 377 1513 καθάπερ
388 1434 469 1515 νῦν,
482 1421 551 1495 ἀλλ’
564 1423 674 1504 διπλοῖς
685 1423 768 1513 πρδς
777 1425 903 1514 Ἔρωτα
913 1425 994 1514 μετά
1008 1454 1066 1512 φι·

57 1524 219 1610 λοσόφων
231 1523 341 1608 λόγων
356 1522 415 1592 τόν
426 1532 502 1613 βίον
512 1532 651 1612 ποιῆται.

144 1630 282 1691 xxxlx
327 1631 416 1693 ΦΑΙ.
450 1624 666 1710 Σννεύγομαί
672 1643 741 1709 σοι,
762 1615 790 1690 ά
801 1623 978 1707 Σώκρατες
985 1674 994 1707 ,
1017 1632 1065 1692 εί-

57 1748 124 1809 περ
135 1721 272 1809 ἄμεινον
284 1721 385 1792 ταῦθ’
397 1720 476 1810 ἡμῖν
490 1721 590 1811 εἶναι,
607 1731 710 1791 ταῦτα
721 1730 903 1808 γίγνεσθαι.
934 1719 994 1791 τόν
1005 1723 1064 1791 λό-
1083 1732 1102 1784 G

57 1839 124 1907 γον
141 1823 180 1890 δέ
188 1842 252 1891 σον
263 1823 363 1891 πάλαι
373 1823 550 1909 θαυμάσας
561 1826 638 1908 ἔχει,
662 1819 730 1908 ὅσφ
742 1827 863 1889 καλλίω
874 1830 935 1889 τοῦ
946 1827 1064 1908 προτέ-

59 1918 127 2001 ρου
146 1915 352 2005 άπειργάσω·
375 1918 458 1987 όίστε
480 1917 571 1989 όκνεό
591 1920 635 2007 μή
657 1945 713 2004 μοι
732 1916 750 1986 ὁ
767 1926 893 1999 Λυσίας
910 1921 1066 1999 ταπεινὸς

58 2023 172 2104 φανῇ,
190 2019 251 2085 ἐάν
262 2016 327 2101 ίίρα
338 2021 393 2087 καὶ
404 2019 548 2108 ἐθελήση
559 2014 642 2100 πρὸς
655 2013 757 2086 αὐτόν
769 2016 872 2087 άλλον
882 2016 1064 2104 άντιπαρα-

57 2128 173 2184 τεῖναι.
194 2118 248 2183 καὶ
260 2118 324 2204 γάρ
335 2144 384 2198 τις
394 2116 516 2205 αὐτόν,
536 2110 563 2186 οό
573 2116 757 2206 θαυμάσιε,
775 2122 911 2205 ἔναγχος
921 2127 990 2187 τόν
1000 2144 1064 2189 πο-

57 2221 199 2283 λιτικῶν
209 2213 301 2284 τοῦτ’
315 2215 396 2286 αὐτὸ
412 2222 573 2302 λοιδορῶν
584 2214 743 2304 ὠνείδιζε,
756 2218 810 2286 καὶ
822 2217 877 2286 διά
888 2218 996 2304 πάσης
1006 2224 1064 2304 τῆς

23 2320 30 2386 s
56 2317 228 2396 λοιδορίας
246 2316 355 2384 ἐκάλει
371 2318 598 2403 λογογράφον·
620 2313 694 2401 τάχ’
712 2309 775 2383 οὖν
791 2312 834 2384 άν
850 2314 915 2384 ὑπὸ
936 2326 1065 2403 φιλοτι-

54 2419 136 2498 μίας
146 2414 272 2499 ἐπίσχοι
282 2412 360 2501 ἡμῖν
371 2410 414 2483 άν
425 2424 486 2484 τοῦ
495 2416 648 2502 γράφειν.

142 2518 219 2580 ΣΩ.
248 2514 387 2582 Γελοῖόν
400 2511 445 2602 γ’,
460 2507 488 2581 τό
500 2521 633 2602 νεανία,
646 2512 683 2581 τό
696 2513 803 2600 δόγμα
813 2517 926 2598 λέγεις,
938 2516 994 2580 καί
1004 2521 1066 2581 τοῦ

56 2610 193 2698 ἑταίρου
211 2610 336 2697 σοχνδν
353 2612 599 2699 διαμαρτάνεις,
622 2620 653 2683 εί
668 2610 772 2681 αὐτὸν
788 2610 895 2690 οὕτως
906 2607 1063 2697 ἡγεϊτινά
1081 2631 1104 2681 1)

54 2713 219 2795 ψοφοδεά.
252 2719 331 2790 ἴσως
342 2711 378 2780 δὲ
389 2713 443 2780 καὶ
454 2711 514 2780 τὸν
525 2712 786 2800 λοιδορούμενον
795 2709 887 2800 αὐτῷ
898 2720 959 2779 οίει
970 2719 1065 2798 νομί-

55 2812 156 2888 ζοντα
169 2811 277 2893 λέγειν
288 2806 310 2877 δ’
321 2816 442 2895 ἔλεγεν.

143 2914 235 2975 ΦΑΙ.
267 2905 436 2994 Ἐφαίνετο
457 2909 539 2997 γάρ,
562 2903 800 2998 όΣοόκρατες·
819 2911 875 2978 καλ
896 2910 1064 2978 σύνοισθά

55 3031 126 3074 πον
143 3009 199 3075 καλ
216 3003 317 3087 αὐτὸς
328 3005 379 3076 ὅτι
390 3012 424 3076 οί
432 3012 588 3095 μέγιστον
599 3009 782 3095 δυνάμενοί
790 3035 825 3077 τε
834 3011 890 3077 καὶ
902 3008 1065 3095 σεμνότα-

54 3129 108 3174 τοι
126 3108 163 3173 ἐν
180 3119 251 3185 ταῖς
266 3106 407 3175 πόλεσιν
425 3108 636 3195 αἰσχύνονται
651 3108 773 3194 λόγους
790 3134 824 3176 τε
840 3106 985 3194 γράφειν
1009 3111 1064 3175 καλ

55 3209 269 3273 καταλείπειν
296 3204 535 3293 συγγράμματα
562 3209 708 3290 ἑαυτῶν,
736 3205 836 3286 δόξαν
858 3204 1064 3293 φοβούμενοι

55 3312 119 3372 τοῦ
128 3308 241 3372 ἔπειτα
250 3303 375 3390 χρόνον
381 3354 391 3389 ,
403 3305 447 3391 μὴ
459 3307 613 3391 σοφισταὶ
623 3313 796 3374 καλῶνται.

142 3409 219 3471 ΣΩ.
251 3401 385 3481 Γλνκύς
401 3400 528 3492 άγκάν,
554 3395 732 3491 άΦαῐδρε,
755 3406 876 3491 λέληθέ
887 3423 923 3473 σε
936 3402 987 3473 ότι
998 3402 1062 3471 ἄπο
