2408 3780
133 170 195 233 172
491 167 773 226 ΠΛΑΤΩΝΟΣ

133 329 314 409 είναιτινός
325 326 342 397 ὁ
352 328 456 414 Ἔρως
468 333 565 412 ἔρως,
587 322 774 412 ἢοάδενάςς
795 333 907 412 ἐρωτῶ
918 333 952 395 θ’
962 328 1026 397 οὐκ
1036 335 1080 415 είς

131 429 209 512 τρός
226 453 315 507 τινος
332 423 353 511 ἢ
370 426 493 513 πατρός
510 427 578 492 ἔστι
593 466 637 477 ·-
652 433 785 509 γελοίου
804 423 867 511 γάρ
886 421 931 495 άν
942 435 992 513 είη
1004 424 1040 495 τὸ
1052 429 1080 511 ἐρ

130 553 226 613 τημα,
239 532 269 594 εί
281 525 386 611 Ἔρως
398 524 485 591 ἐστὶν
497 528 578 608 ἔρως
589 520 742 611 μητρὸςῆ
755 524 925 609 πατρός-
939 523 1014 594 ἀλλ’
1027 523 1080 592 άοτ

131 621 175 693 άν
185 631 216 694 εί
225 622 308 692 αὐτὰ
320 629 419 691 τοῦτο
430 623 555 715 τιατέρα
565 619 721 708 ἠρώτων,
743 614 808 708 άρα
826 619 844 691 ὁ
863 623 971 710 πατήρ
989 627 1080 694 ἐστιτ

130 725 191 813 τηρ
207 723 299 803 τινος
315 718 338 810 ἢ
355 720 413 802 οὕς
437 718 523 799 εἶπες
537 715 580 787 άν
597 719 638 807 ἔκη’
656 720 722 786 τιοά
739 745 811 806 μοι,
835 726 865 789 εί
873 721 1020 808 ἐβούλου
1030 730 1080 790 καί

131 823 389 912 ἀποκρίνασθαι,
402 819 453 889 ὅτι
462 825 551 888 ἔστιν
562 821 651 898 υίέος
661 844 699 904 με
710 813 913 904 ἧθυγατρός
925 817 943 888 ὁ
955 820 1080 908 πατὴρτ

130 924 207 1010 τηρ·
228 919 251 1008 η’
263 919 321 1002 οάς
342 920 505 1004 Πάνυμε,
531 916 636 1002 φάναι
647 913 899 1002 τόνἈγάθωνα.
934 916 1080 987 Οὐκοῦνι

93 1049 112 1095 E
130 1019 150 1106 ἡ
162 1020 267 1105 μήτηρ
281 1016 454 1098 ὡσαύτως;
471 1015 660 1102 Ὁμολογεῑν
673 1017 845 1083 καὶτοῦτο.
865 1013 936 1084 Ἔτι
946 1025 1072 1098 τοίνυν,

133 1131 207 1184 τείν
224 1115 285 1183 τὸν
294 1115 476 1201 Σωκράτη,
497 1112 675 1198 ἀπόκριναι
687 1112 786 1203 όλίνφ
798 1122 917 1201 πλείω,
940 1119 996 1182 ἵνα
1010 1120 1080 1201 μᾶίί

132 1216 326 1303 καταμάθῃς
343 1211 362 1282 ὃ
372 1215 544 1302 βούλομαι.
579 1218 609 1281 εί
618 1212 681 1300 γάρ
693 1218 845 1300 ἐροίμην,
867 1221 902 1282 τί
909 1216 949 1282 ὃέ
953 1242 961 1294 ;
981 1212 1080 1296 ἀθελφ

133 1313 214 1382 αὐτὸ
231 1310 331 1381 τοῦθ’
350 1309 433 1395 ὅπερ
451 1317 556 1396 ἔστιν,
579 1317 648 1379 ἔστι
659 1312 747 1392 τινὸς
760 1308 1007 1399 άθείφὸςῆοάς
1030 1308 1080 1379 Φά,

132 1413 224 1482 εἶναι.
261 1409 398 1480 Οὐκοῦν
415 1407 565 1495 άθελφοῦ
581 1406 775 1498 η’άθελφῆςς
794 1408 992 1496 Ὁμολομεϊν.
1026 1418 1080 1477 Πει

132 1514 173 1601 δή
181 1565 191 1600 ,
211 1513 332 1598 φάναι,
344 1509 471 1579 καὶτὸν
482 1514 586 1593 ἔρωτα
599 1515 709 1578 εἰπεῖν.
744 1508 873 1594 ὁἝρως
885 1514 967 1593 ἔρως
978 1510 1080 1576 ἔστὶν(

63 1631 115 1682 200
132 1609 228 1689 δενὸς
243 1606 383 1698 ἢτιυόςς
404 1607 502 1676 Πάνυ
521 1609 583 1693 μὲν
600 1601 664 1677 οὖν
683 1615 781 1678 ἔστιν.
818 1615 925 1675 Τοῦτο
941 1608 1080 1693 μὲντοίν

132 1716 236 1778 είττεῑυ
252 1706 313 1775 τὸν
322 1706 504 1792 Σωκράτη,
529 1705 678 1791 φύλαξον
697 1707 785 1792 παρά
804 1713 916 1794 σαυτῷ
932 1707 1080 1792 μεμνημέ

133 1807 228 1876 ὅτου·
249 1806 387 1873 τοσόνδε
398 1805 434 1872 δὲ
445 1810 530 1890 είττέ,
550 1807 691 1892 πότερον
702 1804 829 1891 ὁἝρως
839 1809 984 1890 ἐκείνου,
997 1796 1039 1872 οὗ
1050 1810 1080 1871 ἕο

133 1912 231 1992 ἔρως,
255 1901 629 1990 ἐτνθυμεῖαύτοῦῆοάς
651 1905 817 1990 Πάννγε,
840 1904 954 1989 φάναι.
987 1905 1080 1980 Πότει

133 2013 217 2093 ἔχων
235 2003 317 2075 αὐτὸ
337 1997 381 2073 οὗ
396 2008 604 2089 ἐπιθυμεῖτε
622 2008 676 2071 καὶ
693 2008 768 2092 ἐρᾷ,
793 2003 861 2071 εἶτα
871 2007 1031 2089 ἐπιθυμεῖ
1038 2029 1073 2070 τε

133 2108 206 2192 ἐρᾷ,
219 2100 242 2190 η’
255 2102 317 2172 οὐκ
328 2109 428 2188 ἔχωνς
448 2100 520 2171 Οὐκ
533 2106 633 2187 ἔχων,
647 2099 691 2182 ὦς
701 2100 738 2170 τὸ
751 2104 840 2182 είκός
849 2129 897 2188 με,
911 2103 1025 2188 φάναι.
1047 2111 1080 2170 Σ

131 2224 184 2268 ιτει
201 2201 258 2288 δή,
282 2207 386 2269 εἰπεῖν
401 2199 461 2269 τὸν
472 2203 653 2288 Σωκράτη,
676 2199 750 2268 ἀντὶ
760 2209 822 2269 τοῦ
833 2201 958 2279 εἰκότος
969 2207 1000 2269 εί
1009 2199 1080 2286 άνάς

131 2299 246 2388 οάτως,
259 2326 295 2368 το
285 2298 499 2422 ἐπιθυμοῦν
510 2304 686 2385 ἐκιθαμειν
699 2325 741 2367 ου
729 2291 885 2379 ’ἐνδεές
870 2321 969 2383 εστιν,
980 2295 1002 2386 ἦ
1014 2298 1080 2386 μηέ

93 2416 134 2464 Β
129 2412 262 2487 θυμείν,
272 2402 331 2468 ἐάν
341 2429 386 2489 μη
375 2392 538 2480 ἐνδεὲς
515 2427 554 2487 ης
566 2403 637 2487 ἐμοὶ
645 2400 755 2486 μὲν
716 2425 779 2486 γαρ
789 2406 990 2486 θαυμαστως
1000 2406 1079 2467 δοκε

127 2497 328 2584 Ἀμάθων,’
304 2527 348 2578 ως
359 2498 488 2586 ἀνάγκη
501 2499 599 2568 εἶναι
615 2502 666 2567 σοὶ
680 2499 715 2567 δὲ
726 2523 809 2577 ττως;
819 2497 939 2585 Κάμοί,
953 2498 1070 2586 φάναι,

129 2609 188 2662 κεῖ.
211 2603 330 2676 Κάλως
340 2599 451 2685 λεγοις
475 2592 525 2682 ἆρ’
537 2624 601 2666 ουν
611 2593 785 2685 βουίοιτ
764 2623 863 2677 αντις
872 2623 972 2683 μενος
983 2625 1032 2665 ων
1041 2626 1080 2684 με

131 2689 261 2776 εἶναι,’“
240 2722 259 2780 η
271 2694 404 2781 ἰσχυρὸς
416 2725 464 2766 ων
478 2699 627 2784 ίοχυρος;
647 2695 857 2766 Ἀδύνατον’
841 2724 876 2765 εκ
887 2705 955 2767 τῶν
967 2693 1078 2783 ὦμολο

130 2797 249 2879 μένων.
274 2793 398 2880 Οὐμάρ
407 2820 474 2864 που
483 2796 596 2883 ἐνδεὴς
604 2791 647 2864 άν
658 2807 707 2883 είη
718 2796 848 2864 τούτων
858 2795 878 2864 ὅ
888 2823 925 2882 με
937 2795 994 2864 άν.
1016 2796 1080 2864 'Am

129 2895 239 2977 λέγεις.
273 2899 318 2961 El
332 2892 396 2978 γάρ
420 2895 475 2961 καὶ
495 2894 629 2979 ἰσχυρὸς
651 2889 700 2962 άν
720 2895 875 2979 βούλοιτο
897 2893 1031 2981 ίοχυρὸς
1044 2894 1080 2963 εἶτ

129 2991 238 3078 φάναι
246 2990 306 3059 τὸν
315 2992 496 3078 Σωκράτη,
521 2995 576 3061 καὶ
585 2990 685 3078 ταχὺς
702 2989 751 3060 οέυ
767 2994 883 3079 ταχύς,
905 2996 960 3061 καὶ
977 2990 1074 3080 ὑγιὴς

130 3086 226 3176 ὑγιής
235 3130 278 3142 --
289 3100 369 3171 ἴσως
379 3091 443 3177 γάρ
455 3089 499 3159 άν
509 3118 557 3172 τις
567 3100 671 3160 ταῦτα
684 3098 813 3179 οἰηθείη
825 3094 880 3161 καί
891 3093 1000 3161 πάντα
1011 3092 1050 3160 τά
1069 3120 1080 3160 τ

95 3206 115 3258 ο
132 3197 232 3276 αὕτα,
250 3191 330 3270 τούς
340 3190 439 3271 ὄντας
449 3217 485 3260 τε
495 3193 668 3271 τοιούτους
680 3195 734 3260 καὶ
747 3198 881 3277 ἔχοντας
891 3200 995 3259 ταῦτα
1007 3193 1080 3260 τοάτ

129 3287 213 3373 άτιερ
230 3293 341 3375 ἔχουσι
357 3292 413 3358 καὶ
433 3295 626 3380 ἐπιθυμεῖν,
646 3288 693 3360 ἔν’
715 3283 779 3359 οὖν
799 3288 843 3379 μὴ
865 3294 1080 3378 ἐξατατηθῶμ

132 3384 252 3454 τούτου
263 3386 361 3456 ἕνεκα
372 3394 473 3473 λέγω·
496 3393 625 3471 τούτοις
634 3391 715 3480 γάρ,
736 3382 942 3479 άἎμάθων,
961 3396 992 3459 εί
1002 3393 1080 3458 ἐννο
