2408 3780
71 183 104 239 ῖὶ
278 178 607 236 ΑΛΚΙΒΙΛΔΗΣ
625 180 875 240 ΔΕΥΤΕΡΟΣ.
1015 181 1076 243 341

72 333 185 419 ὀλίγον
197 334 354 422 ἐπισχών,
372 334 454 420 ὅπερ
468 337 521 404 καὶ
534 334 576 404 σδ
588 341 711 425 ἔλεγες,
729 346 917 432 παλιυωδῇ,
936 340 1077 429 ὐνευχό-

72 457 171 518 μενος
183 430 253 500 ἅττ’
267 429 311 500 δν
322 431 358 500 τό
370 442 502 518 πρῶτον
515 432 654 520 εὔξηται.

156 538 229 599 Σίδ.
262 525 331 616 Ἆρ’
352 525 417 599 οὐν
433 530 505 617 οὐχί
522 531 616 612 εἰδούς
633 561 664 601 τι
681 539 783 605 πλέον
793 533 888 624 ἡμῶν
900 536 917 606 ὁ
930 539 1076 625 ποιητής,

71 623 114 699 ού
125 628 323 718 καλένόρχῇ
339 638 400 698 τού
417 629 520 715 λόγου
537 633 768 723 ἐπεμνήσθην,
792 634 832 705 τδι
850 636 941 705 δεινδι
953 640 1006 706 καὶ
1020 635 1077 704 εὐ-

70 732 219 816 χομένοις
230 727 402 810 ὐπαλέξειν
414 731 581 810 ἐκέλευευ;

154 836 225 897 ΑΛ.
249 827 381 914 Ἔμοιγε
394 833 493 896 δοκεῖ,

153 933 228 996 ΣΩ.
264 933 392 995 Τοῦτον
403 924 464 1013 μὲν
474 933 607 1011 τοίνυν,
630 919 879 1017 ιδἈλκιβιόδη,
902 933 956 999 καί
966 938 1075 999 Λακε·
1153 922 1159 927 ’

72 1027 236 1113 δαιμόνιοι
245 1025 305 1094 τόν
317 1021 457 1110 ποιητὴν
468 1026 678 1115 ἐζηλωκότες,
704 1037 767 1096 εῖτε
784 1032 839 1098 καί
856 1029 951 1099 αὐτοὶ
968 1029 1074 1110 οὕτως
1093 1043 1111 1095 0

70 1127 319 1210 έπεσκεμμέυοι,
343 1127 409 1212 ίδίηι
429 1124 484 1190 καὶ
506 1128 646 1214 δημοσίᾳ
668 1126 822 1196 ἑκάστοτε
844 1138 1075 1216 παραπλησίαν

70 1220 172 1309 εὐχήν
195 1221 362 1309 εὐχονται,
383 1223 424 1289 τὰ
445 1220 530 1290 καλὰ
552 1225 604 1292 ἐπὶ
624 1239 692 1303 τοῖς
713 1223 852 1311 ἀγαθοῖς
874 1225 952 1307 τούς
973 1225 1076 1306 δεούς

70 1323 199 1392 διδόναι
209 1323 399 1402 κελεύοντες
409 1314 454 1391 αὐ
466 1331 580 1409 σφίσιν
592 1321 717 1403 αὐτοῖς·
742 1335 856 1394 πλεῖον
869 1325 901 1392 δ’
914 1325 1021 1406 οὐδεὶς
1033 1322 1076 1393 δν

68 1427 204 1492 ἐκείνων
222 1419 410 1510 εὐξαμένων
426 1421 586 1491 ἀκούσειε.
609 1432 788 1508 τοιγαροῦν
805 1430 850 1503 είς
867 1422 903 1491 τὸ
924 1432 1076 1510 παρῆκον

68 1530 131 1591 τού
146 1522 270 1608 χρόνον
287 1519 436 1589 οὐδένων
454 1514 553 1608 ἧττον
565 1520 710 1606 εὐτυχεῖς
728 1522 812 1589 εἰσὶν
832 1519 1022 1606 ἅνθρωποι·
1046 1527 1076 1589 εί

70 1621 101 1690 δ’
123 1621 187 1708 ὐίρα
206 1625 261 1691 καὶ
278 1624 483 1708 ξυμβέβηκεν
500 1625 611 1699 αὐτοῖς
630 1618 713 1687 όίστε
731 1620 775 1706 μη
794 1619 902 1689 πάντα
914 1618 1072 1706 εὐτυχεῖν,

68 1719 141 1791 ἄλλ’
155 1714 219 1789 οὖν
230 1720 273 1790 οὐ
284 1721 336 1789 διὰ
347 1718 554 1807 τὴνέκείυων
564 1718 680 1805 εὐχήν·
692 1721 743 1787 ἐπὶ
752 1733 818 1798 τοῖς
829 1729 921 1799 θεοῖς
930 1716 959 1787 δ’
976 1723 1072 1806 ἐστίν,

69 1820 169 1903 ὥστε,
194 1819 300 1906 οἶμαι,
321 1821 376 1887 καί
388 1819 517 1888 διδόναι
534 1816 604 1887 ἅττ’
626 1817 669 1886 ὐίν
679 1845 727 1897 τις
739 1815 916 1905 εὐχόμενος
926 1818 1073 1908 τυγχόνη
1092 1836 1111 1886 D
1141 1855 1145 1866 ·

68 1916 438 1986 καίτόναντίατούτων.

150 2023 214 2085 Xll.
259 2016 430 2103 Βούλομαι
451 2020 490 2084 δέ
509 2034 561 2082 σοι
582 2018 636 2083 καί
660 2016 775 2103 ἕτερόν
790 2044 821 2085 τι
838 2019 1071 2105 διηγήσασθαι,

66 2117 87 2185 ό
104 2141 183 2185 ποτε
199 2115 327 2203 ἥκουσα
342 2122 410 2183 τῶν
427 2117 661 2201 πρεσβυτέρων
679 2123 796 2203 τινῶν,
822 2114 866 2196 οἱς
885 2115 1072 2204 Ἀθηναίοις

55 2217 121 2285 ’καί
136 2220 409 2301 Λακεδαιμονίοις
426 2219 589 2301 διαφορᾶς
608 2219 786 2302 γενομένης
808 2220 1001 2306 ξυνέβαινεν
1022 2216 1071 2286 ἀεὶ

66 2323 107 2403 τῇ
128 2314 222 2382 πόλει
240 2311 336 2401 ἡμῶν
358 2311 442 2382 όόστε
461 2311 616 2382 καὶκατὰ
633 2321 698 2400 γῆν
715 2315 869 2384 καὶκατὰ
887 2317 1069 2403 θάλατταν,

66 2410 165 2481 ὁπότε
182 2413 266 2500 μύχη
284 2415 429 2498 γένοιτο,
453 2416 627 2498 δυστυχεῖν
643 2415 699 2482 καὶ
721 2416 882 2500 μηδέποτε
905 2416 1071 2483 δύνασθαι

66 2520 240 2600 κρατῆσαι·
254 2512 332 2590 τούς
342 2503 612 2598 οὖνἈδηναίους
624 2509 894 2596 ἀγανακτοῦντας
905 2523 951 2604 τῷ
963 2512 1071 2600 πρόγ-

65 2637 142 2698 ματι
158 2614 212 2678 καλ
229 2609 497 2696 ἀπορουμένους,
520 2616 585 2679 τίνι
601 2609 662 2697 χρὴ
675 2619 805 2700 μηχανῇ
815 2619 883 2680 τῶν
894 2613 1070 2699 παρόντων

65 2717 180 2779 κακῶν
196 2707 390 2795 όποτροπην
408 2706 535 2794 εὑρεῖν,
557 2712 813 2797 βουλευομένοις
830 2709 941 2790 αὐτοῖς
960 2716 1069 2780 δοκεῖν
1088 2731 1109 2781 E

64 2808 241 2893 κράτιστον
258 2807 341 2878 εἶναι
357 2812 546 2896 πέμψαντας
564 2806 647 2894 πρὸς
662 2809 821 2895 ’Ἀμμωνα
842 2813 971 2878 ἐκεῖνον
994 2813 1069 2878 έπε-

64 2916 190 2997 ρωτηῖν·
203 2913 248 2975 ἔτι
260 2909 296 2976 δὲ
306 2906 389 2993 πρός
399 2908 529 2986 τούτοις
539 2908 632 2990 τάδε,
653 2910 707 2977 καὶ
719 2903 801 2977 ἄνθ’
814 2907 894 2977 ότου
904 2913 1069 2977 Λακεδαι-

64 3013 191 3093 μονίοις
201 3011 236 3074 οί
243 3009 319 3076 θεολ
329 3014 457 3095 μᾶλλον
468 3014 565 3095 νίκην
583 3007 732 3076 διδόασιν
743 3002 765 3093 γ’γ’
777 3014 891 3093 σφίσιν
903 3005 1023 3094 αὐτοῖς,
1037 3015 1070 3076 οἳ

64 3111 231 3192 πλείστας,
254 3103 374 3191 φάναι,
396 3106 457 3192 μὲν
473 3113 595 3185 θυσίας
612 3108 666 3174 καὶ
684 3111 859 3184 καλλίστας
876 3101 1069 3192 τῶνἙλλη·

59 3232 134 3295 ,νων
151 3202 293 3292 όίγομεν,
310 3200 508 3292 ἀναθήμασί
514 3230 549 3273 τε
559 3204 812 3293 κεκοσμήκαμεν
822 3203 862 3272 τδ
874 3200 946 3289 ιἐρᾶ
958 3205 1069 3273 αὐτῶν

64 3300 108 3381 ὡς
120 3300 254 3381 οὐδένες
266 3301 376 3389 ἄλλοι,
400 3303 533 3389 πομπούς
543 3330 578 3373 τε
589 3304 870 3403 πολυτελεστάτης
881 3305 936 3371 καὶ
948 3325 1071 3391 σεμνο-

62 3400 162 3481 τύτας
178 3401 395 3491 έδωρούμεδα
413 3415 481 3482 τοῖς
495 3411 586 3482 θεοῖς
604 3399 661 3470 ἄν’
677 3404 817 3473 ἕκαστον
827 3406 915 3490 ἔτος,
935 3407 990 3471 καὶ
1001 3407 1070 3471 ε’τε-
