2408 3780
235 258 238 263 ,
291 200 612 261 ΣΥΜΠΟΣΙΟΝ.
892 201 949 264 181

48 361 484 446 ρατικοόνλόγουςποιοίτο,
506 366 566 428 καί
572 383 652 428 ποτε
662 359 759 446 ἤρετο
775 368 816 429 Τί
824 372 886 431 οἰει
893 413 902 447 ,
926 356 953 431 ω’

47 482 138 544 ιατες,
150 467 258 527 αἴτιον
269 454 353 525 εἰναι
362 455 485 526 τούτου
495 465 557 525 τοῦ
568 464 688 543 ἔρωτος
697 459 752 526 καί
763 467 821 545 τῆς
830 463 952 528 ἐπιθυ-

63 551 85 642 ἦ
98 554 161 624 οὐκ
173 554 326 625 αἰσθάνει
340 551 383 634 οδς
395 560 511 635 δεινῶς
523 561 704 627 διατίθεται
713 558 823 625 πάντα
832 557 871 626 τά
884 567 950 646 θη-

47 652 158 721 τειδάυ
165 661 291 742 γενυᾷν
302 654 502 744 ἐπιθυμήσῃ,
514 659 569 724 καί
578 653 618 725 τά
629 655 707 736 πεζά
717 659 772 725 καλ
781 655 821 724 τά
831 658 950 743 πτηνά,

47 752 116 820 ῐντά
132 779 167 820 τε
182 751 291 821 πάντα
308 756 362 821 καλ
383 757 546 842 ἐρωτικῶς
569 757 797 840 διατιθέμενα,
819 762 982 838 πρῶτουΒ

47 853 93 936 ερί
102 849 140 920 τδ
153 855 352 939 ξυμμιγῆναι
363 851 517 941 ἀλλήλοις
522 904 531 938 ,
544 858 653 921 ἔπειτα
665 855 740 940 περὶ
750 850 811 940 τὴν
821 852 952 941 τροφὴν

47 953 220 1038 ευομίνον,
242 952 298 1020 καί
308 953 421 1039 ἕτοιμά
432 955 522 1021 ἐστιν
532 950 615 1040 ὑπὲρ
628 953 756 1021 τούτων
766 955 821 1022 καὶ
833 953 953 1039 διαμά-

47 1078 65 1118 ιι
81 1049 121 1119 τά
143 1048 368 1121 ἀσθενέστατα
386 1066 453 1132 τοῖς
469 1052 694 1138 ἰσχυροτάτας
711 1055 765 1121 καὶ
781 1048 953 1140 ὑπεραπο-

47 1175 126 1236 ιειν,
149 1152 204 1219 καί
222 1149 305 1220 αὐτά
321 1159 368 1242 τῷ
381 1158 464 1241 λιμῷ
476 1152 739 1238 παρατειυόμενα
751 1149 831 1220 ὥστ’
844 1154 952 1221 ἐκεῖνα

47 1275 134 1334 γειν,
146 1253 201 1318 καὶ
212 1247 293 1320 άλλο
305 1259 374 1318 πᾶν
384 1256 555 1319 ποιοῦντα.
578 1248 657 1330 τούς
668 1251 730 1336 μὲν
740 1247 803 1336 γάρ
815 1247 953 1334 ἀνδριά-

66 1353 146 1435 ἐφη,
165 1347 260 1418 οἴοιτ’
273 1348 317 1417 άν
327 1376 376 1430 τις
387 1353 422 1417 ἐκ
434 1357 597 1435 λογισμοῦ
606 1355 710 1417 ταῦτα
720 1363 842 1417 ποιεῖν·
865 1348 904 1415 τά
916 1349 952 1416 δὲ

47 1472 51 1509 ι
71 1453 120 1525 τίς
141 1452 227 1514 αἰτία
249 1444 355 1527 οὕτως
372 1451 536 1531 ἐρωτικῶς
552 1451 776 1524 διατίθεσθαι;
798 1449 879 1532 ἔχεις
895 1450 987 1513 λέ-(λ

55 1547 111 1613 καί
122 1543 186 1630 ἐγιδ
207 1537 252 1613 αὖ
272 1551 386 1632 ἔλεγον
397 1545 520 1615 ὅτιούκ
532 1552 665 1633 εἰδείην·
688 1543 710 1632 ἢ
723 1543 754 1612 δ’
769 1543 853 1630 εἰπε,
865 1553 950 1612 Δια-

47 1633 91 1709 ὖυ
105 1644 213 1724 δεινός
223 1669 302 1713 ποτε
313 1647 515 1733 γενήσεσθαι
532 1643 572 1713 τά
590 1645 748 1730 ἐρωτικά,
770 1644 831 1713 ἐάν
848 1653 950 1712 ταῦτα

47 1748 132 1830 ιοῇςς
150 1739 248 1810 Ἀλλά
260 1741 314 1812 διά
324 1747 428 1813 ταύτά
439 1772 505 1832 τοι,
524 1738 550 1812 ά
562 1752 720 1833 Διοτίμα,
739 1742 820 1828 ὅπερ
832 1751 898 1811 νῦν
910 1741 950 1830 δὴ

47 1891 55 1925 ,
68 1838 157 1927 παρά
168 1844 204 1910 σὲ
216 1841 286 1928 ἥκω
294 1895 303 1929 ,
315 1843 418 1928 γνοὺς
429 1843 479 1913 ὅτι
493 1845 702 1914 διδασκάλων
713 1847 836 1931 δέομαι.
866 1840 951 1911 άλλά

47 1942 86 2023 ’γε
96 1943 151 2010 καλ
161 1941 289 2010 τοάτοιν
299 1941 360 2030 τὴν
372 1950 479 2012 αἰτίαν
490 1946 545 2012 καὶ
555 1951 623 2013 τῶν
632 1944 742 2012 ἄλλων
751 1951 819 2013 τῶν
828 1945 902 2027 περὶ
911 1938 951 2010 τά

47 2037 93 2107 κά.
123 2045 168 2108 Εἰ
181 2048 313 2128 τοίνυν,
335 2048 415 2129 ἔφη,
437 2042 600 2122 πιστεύεις
617 2046 746 2112 ἐκείνου
757 2039 841 2110 εἰναι
852 2039 953 2126 φύσει

47 2163 132 2224 ιωτα,
145 2130 188 2207 οὗ
198 2141 355 2221 πολλάκις
367 2140 640 2230 ὡμολογήκαμεν,
651 2139 696 2228 μὴ
708 2140 843 2229 θαάμαζ
861 2195 867 2208 .
897 2143 952 2208 ἐν·

47 2262 58 2301 ι
73 2235 139 2322 γάρ
155 2236 214 2307 τὸν
231 2237 336 2309 αὐτόν
352 2244 467 2332 ἐκείνῳ
483 2243 587 2326 λόγον
603 2239 743 2328 ἡθνητὴ
756 2242 857 2328 φύσις
867 2246 990 2327 ζητεῐῐ)

46 2331 84 2401 τό
102 2335 248 2405 δυνατὸν
265 2334 319 2405 άεί
333 2363 368 2405 τε
386 2337 470 2406 εἰναι
487 2342 542 2408 καλ
553 2338 730 2418 ἀθάνατος.
765 2339 903 2407 δύναται
915 2336 950 2404 δὲ

47 2460 51 2499 ι
66 2433 172 2521 μόνον
188 2442 229 2522 τῇ
245 2440 389 2521 γενέσει,
412 2436 463 2506 ὅτι
481 2437 532 2506 άεί
547 2445 733 2506 καταλείπει
750 2440 864 2524 ἕτερον
874 2438 950 2502 νέον

47 2539 92 2599 ὀῦ
103 2540 263 2619 παλαιοῦ,
275 2537 344 2603 ἐπεὶ
356 2539 411 2604 καλ
422 2539 459 2604 ἐν
473 2528 500 2625 ᾧ
512 2540 548 2605 ἓν
559 2538 700 2607 ἕκαστον
711 2543 780 2604 τοῖν
790 2534 883 2616 ζώων
894 2539 951 2622 ζῇν

47 2657 90 2697 ιαι
100 2635 155 2699 καί
167 2629 250 2700 εἰναι
260 2630 297 2701 τὸ
311 2633 394 2704 αὐτό
401 2685 410 2721 ,
432 2630 505 2705 οἰον
516 2641 553 2706 ἐκ
562 2642 739 2723 παιδαρίου
751 2626 769 2700 ὃ
781 2632 881 2713 αὐτὸς
897 2640 952 2702 λε’-

52 2730 115 2810 ἐως
131 2727 175 2798 άν
190 2732 377 2819 πρεσβύτης
392 2737 541 2821 γίνηται·
562 2726 659 2815 οὗτος
670 2737 783 2822 μέντοι
794 2731 952 2802 οὐδέποτε

49 2826 89 2894 τά
104 2832 189 2914 ἔχων
204 2832 242 2898 ἐν
259 2828 351 2920 αὐτῷ
361 2830 450 2918 ὅμως
460 2831 478 2902 ὁ
490 2833 588 2915 αὐτὸς
599 2843 760 2923 καλεῖται,
783 2830 867 2902 ἄλλά
877 2833 952 2910 νέος

47 2925 227 3015 γνόμενος,
247 2928 287 2997 τά
306 2931 341 2998 δέ
360 2929 524 3019 άπολλύς,
546 2936 601 3004 καὶ
613 2932 697 3004 κατά
706 2933 766 3013 τάς
777 2925 887 3016 τρίχας
897 2930 952 2995 καί

47 3052 54 3091 ι
70 3028 126 3094 καί
142 3023 225 3097 ὄστοῖ
234 3030 290 3096 καί
300 3023 379 3115 αἰμα
390 3033 444 3100 καὶ
457 3033 589 3118 ξύμπαν
598 3032 635 3101 τδ
648 3040 750 3119 σῶμα.
778 3029 887 3114 καὶμὴ
899 3024 951 3095 ὅτι
969 3035 989 3087 Ε

47 3122 84 3193 τδ
103 3131 214 3214 σῶμα,
236 3125 321 3197 άλλά
339 3130 492 3200 καὶκατὰ
510 3132 573 3220 τὴν
589 3130 699 3217 ψυχὴν
715 3134 748 3198 οί
757 3127 889 3216 τρόποι,
911 3123 951 3191 τά

52 3226 159 3316 δόξαι,
177 3227 366 3314 ἐπιθυμίαι,
386 3226 521 3315 ἡδοναί,
540 3236 659 3316 λῦπαι,
685 3228 801 3315 φόβοι,
822 3224 952 3294 τούτων

47 3349 68 3389 α
79 3320 238 3393 οὐδέποτε
247 3324 288 3394 τά
300 3323 385 3394 αὐτά
399 3328 558 3412 πάρεστιν
570 3327 714 3418 ἑκάστῳ,
738 3323 820 3397 άλλά
838 3322 878 3393 τά
889 3322 953 3412 μὲν

47 3448 107 3509 ται,
124 3421 164 3490 τὰ
183 3425 218 3492 δὲ
235 3422 424 3500 ἀπόλλυται.
458 3426 545 3498 πολὺ
558 3425 594 3499 δὲ
604 3425 736 3497 τούτου
748 3422 961 3507 ἀτοπώτερον
