2422 3780
65 171 82 225 τ
413 158 731 220 ΣΤΜΠΟΣΙΟΝ.
1016 161 1077 225 143

63 320 132 406 γάρ
142 344 176 385 τι
185 314 278 386 τοῦτ’
290 322 368 403 ἔχει·
391 321 495 385 ἐνίοτε
512 316 656 399 ἀποστάς
672 318 749 388 ὅποι
765 317 809 387 άν
826 321 907 410 τύχη
928 323 1073 410 ἕστηκεν.

65 416 137 505 ήξει
149 418 186 484 δὲ
197 412 330 502 αύτίκα,
354 412 397 494 άς
408 414 471 501 ἐγω
483 413 583 503 οἶμαι.
615 417 659 504 μή
672 411 736 486 ούν
748 433 884 505 κινεῖτε,
903 416 976 487 ἀλλ’
990 424 1073 490 ἐοῖτε.

70 513 150 588 Αλλ’
165 512 253 581 οὕτω
265 510 326 598 χρή
339 527 460 600 ποιεῖν,
474 519 505 583 εί
513 517 564 583 σοὶ
578 520 684 602 δοκεῖ,
705 515 809 602 φάναι
820 515 1073 602 τόνἏχάθωνα.

62 611 139 682 ἄλλ’
153 611 255 699 ἡμᾶς,
268 605 295 678 ὦ
307 615 429 695 παῖδες,
441 611 520 691 τούς
531 613 655 694 ἄλλους
667 618 800 685 ἑστιᾶτε.
824 617 955 696 πάντως
966 643 1074 703 παρα-

60 719 175 781 τίθετε
190 709 211 779 ὅ
227 736 259 777 τι
275 704 319 777 άν
329 709 517 797 βούλησθε,
539 714 676 782 ἐπειδάν
686 740 735 794 τις
745 714 826 802 ύμῖν
837 714 881 802 μή
894 719 1072 806 ἐφεστήκῃ·

60 807 162 896 δέχεὸ
179 806 394 877 ούδεπύποτε
405 813 557 896 ἐποίησα·
580 807 735 896 νῦνούν,
757 821 942 900 νομίζοντες
952 820 1007 884 καὶ
1019 821 1074 904 ἐμὲ

61 908 128 996 ὑφ’
140 905 237 995 ὑμῶν
247 915 430 994 κεκλῆσθαι
441 909 493 976 ἐπὶ
504 913 642 979 δεῖπνον
652 915 707 980 καί
716 913 836 982 τούσδε
846 913 924 993 τούς
939 915 1071 1003 ἄλλους,
1091 935 1109 985 c

62 1007 285 1093 θεραπεύετε,
306 1011 363 1076 ἵνα
385 1003 471 1093 ὑμᾶς
490 1011 687 1096 ἐπαινοῖμεν.
709 1051 752 1063 -·-
772 1013 870 1081 Μετὰ
886 1023 989 1081 ταῦτα
1007 1020 1070 1101 ἔφη

64 1116 153 1195 σφοῖς
170 1107 232 1193 μὲν
250 1111 412 1192 δειπνεῖν,
434 1105 494 1174 τὸν
511 1110 547 1176 δὲ
564 1109 728 1195 Σωκράτη
750 1108 812 1178 οὐκ
834 1115 978 1179 εἰσιέναι.
1011 1111 1071 1180 τὸν

61 1200 312 1290 οὖνἈγάθωνα
322 1205 480 1284 πολλάκις
488 1207 637 1276 κελεύειν
645 1211 919 1296 μεταπέμψασθαι
927 1208 1071 1280 τδνΣω-
1186 1208 1192 1221 ’

61 1306 185 1392 κράτη,
211 1308 229 1373 ἓ
243 1304 279 1373 δὲ
291 1303 353 1372 ούκ
366 1307 435 1393 ε’ᾄν.
469 1302 564 1391 ήκειν
577 1299 640 1374 ούν
650 1305 754 1376 αύτὸν
765 1306 806 1374 οὐ
817 1305 925 1376 πολύν
935 1309 1069 1395 χρόνον,

60 1404 106 1486 άς
117 1405 247 1492 είύθει,
267 1410 499 1489 διατρίψαντα,
520 1401 604 1472 ἀλλά
616 1407 756 1492 μάλιστα
768 1415 854 1490 σφοῖς
865 1415 991 1492 μεσοῦν
1002 1413 1071 1475 δει-

60 1511 239 1582 πνοῦντας.
258 1500 319 1570 τάν
331 1494 394 1570 οὖν
404 1501 589 1587 Ἀγάθωνα,
600 1505 776 1589 τυγχάνειν
786 1505 850 1588 γάρ
862 1509 998 1590 ἔσχατον
1009 1533 1071 1572 κα·
1125 1554 1127 1561 -

58 1601 387 1689 τακείμενονμάνον,
410 1600 530 1684 Δεῦρ’,
548 1606 611 1686 ἔφη
630 1601 751 1688 φάναι,
773 1603 964 1691 Σώκρατες,
987 1601 1067 1687 παρ’

23 1764 27 1771 .
61 1701 120 1788 ἐμὲ
129 1701 322 1786 κατάκεισο,
334 1705 389 1768 ἵνα
400 1701 454 1768 καὶ
465 1707 526 1767 τού
537 1707 647 1784 σοφοῦ
658 1696 838 1768 ἀπολαύσω
846 1752 855 1786 ,
867 1700 888 1768 ὅ
898 1723 949 1770 σοι
963 1723 1067 1785 προσ·
1085 1722 1106 1771 D

59 1804 138 1888 ε’στη
159 1804 197 1868 ἐν
217 1814 285 1880 τοῖς
306 1800 499 1883 προθύροις.
532 1802 636 1884 δῆλον
651 1796 716 1884 γάρ
734 1798 785 1867 ὅτι
803 1794 898 1885 εὗρες
915 1797 996 1869 αὐτὸ
1014 1805 1069 1868 καὶ

59 1905 159 1986 ἔχεις·
181 1898 224 1967 ού
240 1897 304 1985 γάρ
326 1893 592 1982 άνπροαπέστης.
622 1900 677 1965 καὶ
688 1898 749 1966 τὸν
758 1901 923 1986 Σωκράτη
935 1907 1067 1981 καθίζε-

59 2009 143 2066 σθαι
154 2002 209 2066 καὶ
221 2003 325 2065 εἰπεῖν
336 1993 388 2064 ὅτι
397 1987 450 2063 Εὖ
461 1990 503 2063 άν
514 2000 597 2081 ἔχοι,
609 1996 730 2081 φάναι,
744 1989 770 2064 ά
777 1994 932 2081 Ἀχάθων
939 2048 948 2082 ,
960 2004 992 2064 εί
1000 2024 1068 2064 τοι-

58 2107 164 2166 οῦτον
181 2107 231 2184 είη
248 2094 268 2182 ή
289 2101 405 2182 σοφία,
431 2092 509 2162 ὥστ’
529 2098 567 2162 ἐκ
579 2103 640 2161 τού
649 2098 872 2181 πληρεστέρον
886 2101 931 2174 είς
941 2093 1001 2162 τὸν
1011 2121 1067 2163 κε-

60 2197 210 2281 νεάτερον
226 2198 297 2282 ῥεῖν
314 2191 424 2281 ήμῶν,
447 2189 507 2260 ἐάν
518 2191 701 2279 άπτοίμεθα
715 2191 883 2280 άλλήλων,
907 2193 1018 2279 ὥσπερ
1030 2192 1066 2261 τὸ

59 2299 95 2363 ἐν
114 2309 186 2374 ταῖς
202 2294 328 2374 κύλιξιν
345 2290 437 2376 ὕδωρ
449 2290 486 2358 τὸ
502 2290 554 2359 διά
565 2300 627 2358 τοῦ
638 2295 729 2377 ἐρίου
740 2295 817 2379 ῥέον
828 2295 863 2359 ἐκ
876 2299 933 2378 τής
944 2301 1067 2380 πληρε-

59 2398 179 2480 στίρας
191 2400 236 2473 είς
245 2391 307 2480 τήν
318 2393 511 2473 κενωτέραν.
545 2397 574 2458 εί
589 2388 652 2476 γάρ
666 2389 771 2467 οὕτως
782 2394 846 2474 ἔχει
856 2392 911 2457 καὶ
921 2388 942 2474 ἡ
954 2398 1065 2478 σοφία,

57 2500 191 2563 πολλοῦ
206 2499 348 2578 τιμῶμαι
364 2489 426 2576 τήν
440 2487 528 2575 παρὰ
548 2492 599 2557 σοὶ
617 2488 824 2557 κατάκλισιν·
848 2486 937 2574 οἶμαι
948 2487 1013 2573 γάρ
1025 2514 1066 2575 με
1081 2506 1102 2555 Ε

57 2589 152 2676 παρὰ
169 2599 233 2659 σού
249 2598 373 2676 πολλής
389 2591 443 2658 καὶ
460 2594 562 2675 καλῆς
578 2594 696 2672 σοφίας
718 2585 1011 2672 πληρωθήσεσθαι.
1044 2582 1064 2672 ἡ

56 2692 122 2779 μὲν
131 2688 197 2777 χεὶρ
207 2688 268 2775 ἐμή
280 2687 392 2774 φαύλη
402 2715 450 2766 τις
461 2683 505 2755 άν
517 2697 567 2774 είη
577 2687 633 2754 καὶ
644 2683 941 2772 ἀμφισβητήσιμος,
955 2682 1065 2766 άσπερ

56 2787 146 2874 ὄναρ
158 2780 253 2874 ούσα,
265 2783 285 2872 ἡ
298 2789 332 2853 δὲ
344 2784 384 2872 σή
394 2786 527 2872 λαμπρά
535 2812 570 2854 τε
579 2787 634 2854 καὶ
642 2783 770 2871 πολλήν
779 2789 927 2853 ἐπίδοσιν
936 2788 1065 2871 ἔχουσα,

56 2886 81 2974 ή
97 2912 138 2973 γε
156 2885 244 2972 παρά
262 2891 325 2953 σοῦ
336 2887 415 2952 νέου
427 2884 523 2963 ὄντος
533 2881 620 2953 οὕτω
632 2882 764 2970 σφόδρα
775 2886 932 2970 ἐξέλαμψε
944 2884 999 2950 καὶ
1011 2886 1065 2949 ἐκ-

57 2982 171 3072 φανής
187 2987 316 3071 ἐγένετο
333 2984 450 3070 πράην
467 2987 503 3053 ἐν
519 2985 663 3072 μάρτυσι
679 2991 747 3051 τῶν
754 2980 920 3069 Ἑλλήνων
932 2976 1066 3064 πλέονή

60 3089 275 3171 τρισμυρίοις.
292 3079 461 3170 Ὑβριστής
473 3083 517 3168 εί,
535 3090 615 3170 ἔφη,
628 3077 656 3150 ά
666 3083 860 3168 Σάκρατες,
873 3079 890 3148 ὁ
901 3078 1062 3165 Ἀγάθων.

56 3184 113 3252 καὶ
130 3189 236 3251 ταῦτα
253 3180 314 3267 μὲν
331 3183 386 3250 καὶ
403 3180 516 3270 ὀλίγον
526 3181 669 3266 ὕστερον
679 3180 942 3266 διαδικασόμεθα
954 3178 1019 3264 ἔχω’
1031 3204 1065 3245 τε

58 3284 115 3351 καὶ
132 3280 177 3351 σύ
195 3283 269 3367 περὶ
285 3288 343 3370 τῆς
354 3288 487 3367 σοφίας,
511 3286 647 3368 δικαστῇ
657 3280 822 3366 χρώμενοι
833 3285 877 3368 τῷ
889 3277 1063 3367 Διονύσῳ·

57 3388 126 3449 νῦν
138 3383 174 3449 δὲ
184 3378 269 3460 πρὸς
279 3379 316 3449 τό
328 3385 466 3450 δεῖπνον
476 3389 590 3463 προῖτα
600 3380 733 3460 τρίπον.
