2422 3780
68 164 104 216 με
288 161 292 165 ·
460 152 691 208 ΦΑΙΔΡΟΔ.
1005 151 1079 231 ¹'2⁸23

155 317 230 378 ΣΩ.
266 309 395 377 Τοῦτόν
404 335 441 394 γε
452 316 567 377 τοίνυν
578 313 680 393 έγωγε
690 309 937 393 αἰσχυνόμενος,
949 313 1003 376 καλ
1014 306 1078 376 αῦ-

68 408 129 478 τόν
141 407 333 497 τόγ”Ερωτα
345 408 471 494 δεδιρίς,
483 410 638 494 ἐπιθυμῶ
649 413 774 496 ποτίμῳ
786 405 874 496 λόγῳ
886 404 957 473 οἷον
972 404 1076 493 ἁλμυ-

68 505 135 590 ρὰν
146 503 252 591 ἀκοὴν
263 503 531 574 ἀποκλύσασθαι·
555 505 774 593 συμβουλεύω
786 500 821 572 δὲ
833 506 888 572 καί
897 511 1006 593 Λυσίᾳ
1018 505 1037 572 ό
1047 532 1077 571 τι

68 605 204 689 τάχιστα
214 603 350 689 γράψαι,
362 601 405 682 ῦς
413 603 474 692 χρὴ
486 607 607 692 ἐραστῇ
616 597 775 688 μάλλονῆ
786 601 829 687 μη
840 605 956 685 ε’ρῦντι
966 603 1000 670 ἐκ
1010 609 1077 668 των

69 699 195 788 ὁμοίων
204 707 402 787 χαρίζεσθαι.
750 782 753 786 Α

156 805 246 864 ΦΑΙ.
276 795 365 866 'sm'
384 788 423 866 εὖ
441 807 513 868 ισοι
530 797 582 867 &a
598 795 772 878 εξειιοοσ
791 795 911 876 οὕτως·
936 803 997 863 σοι
1012 794 1075 880 γὰρ

69 896 220 973 εἰπόντος
233 893 290 962 τόν
299 904 359 964 τοῦ
372 899 512 982 ἐραστοῦ
523 901 676 980 ἔπαινον,
700 905 790 963 πάσα
807 892 934 979 ἀνάγκη
945 899 1075 962 Λυσίαν

69 991 129 1061 ὑπ’
144 995 226 1078 ἐμοῦ
236 991 490 1080 ἀναγκασθῆναι
500 995 625 1080 γράψαι
636 987 681 1061 αὖ
691 995 765 1077 περὶ
777 1001 836 1060 τοῦ
847 990 952 1059 αὐτοῦ
963 991 1073 1075 λόγον.
1093 999 1114 1048 Β

156 1096 230 1156 Σέλ.
268 1098 374 1160 Τοῦτο
385 1093 447 1179 μὲν
457 1092 617 1179 πιστεύω,
630 1094 755 1174 ἕωσπερ
767 1084 860 1180 άνῇς
871 1089 908 1170 δς
919 1088 954 1159 εί.

157 1196 246 1258 ΦΑΙ.
280 1193 364 1276 Λέγε
377 1197 492 1259 τοίνυν
502 1200 652 1279 θαρρῶν.

156 1293 230 1354 Σίῖ.
260 1294 336 1354 Ποῦ
360 1289 400 1374 δή
422 1315 478 1374 μοι
500 1288 517 1357 ὁ
538 1304 616 1368 ’παῖς
637 1287 721 1374 πρδς
738 1286 779 1356 δν
796 1294 924 1372 ἐλεγονς
944 1290 1000 1355 ἵνα
1022 1288 1076 1354 καὶ

71 1395 170 1452 τοῦτο
182 1383 321 1474 άκοόση,
335 1387 443 1472 καὶμὴ
457 1386 600 1475 άνήκοος
611 1383 659 1456 οδν
673 1388 790 1475 φθάση
801 1386 1018 1473 χαρισάμενος
1029 1391 1075 1473 τῷ

69 1480 114 1567 μὴ
127 1484 251 1566 ἐρῶντι.

156 1588 246 1648 ΦΑΙ.
281 1573 387 1660 Οὗτος
404 1583 493 1667 τιαρά
511 1605 563 1650 σοι
580 1583 667 1668 μάλα
686 1588 825 1669 πλησίον
843 1580 892 1651 άεὶ
907 1580 1074 1666 πάρεστιν,
1146 1638 1149 1645 ,

71 1676 207 1747 ότανσῦ
219 1678 334 1768 βοόλη.
457 1727 458 1730 ,

155 1783 249 1844 xxss.
289 1784 363 1845 ΣΩ.
401 1776 532 1846 Οῦτωσὶ
543 1786 674 1865 τοίνυν,
688 1769 888 1864 οδπαῖκαλέ,
902 1777 1073 1864 ἐννόησον,

71 1875 116 1956 ὡς
136 1873 153 1944 ὁ
172 1875 232 1961 μὲν
249 1876 409 1960 πρότερος
425 1868 470 1962 ἦν
492 1874 589 1960 λόγος
606 1880 755 1959 Φαίδρου
773 1883 833 1944 τοῦ
845 1878 1075 1963 Πυθοκλέους,
1092 1882 1144 1938 244

71 1981 331 2059 Μυρρινουσίου
347 1972 483 2064 άνδρός·
510 1971 550 2041 δν
562 1973 598 2041 δὲ
608 1976 714 2060 μέλλω
727 1977 850 2060 λέγειν,
867 1975 1076 2061 Στησιχόρου

71 2079 134 2141 τοῦ
155 2069 339 2157 Εὐφήμου,
357 2069 527 2158 Ἱμεραίου.
550 2075 681 2151 λεκτέος
698 2072 733 2140 δέ
751 2065 832 2158 οἶδε,
856 2071 907 2140 ότι
923 2069 985 2140 οὐκ
1008 2070 1073 2140 ἐστ’

70 2176 188 2257 ἔτυμος
199 2169 307 2255 λόγος,
320 2168 356 2249 δς
367 2166 409 2237 δν
419 2169 583 2256 παρόντος
599 2172 740 2255 ἐραστοῦ
750 2177 797 2261 τῷ
808 2168 853 2258 μὴ
865 2175 982 2255 ἐρῶντι
992 2178 1076 2256 μάλ-

72 2277 134 2336 λον
145 2276 193 2357 φῇ
206 2274 276 2336 δεῖν
287 2274 486 2356 χαρίζεσθαι,
501 2269 585 2336 διότι
596 2269 635 2354 δὴ
648 2267 666 2336 ό
681 2269 742 2354 μὲν
753 2276 911 2356 μαίνεται,
927 2265 944 2336 ὁ
962 2272 996 2336 δὲ
1009 2288 1075 2335 σω-

72 2380 199 2452 φρονεῖ.
219 2372 250 2433 εί
258 2367 318 2452 μὲν
326 2363 392 2451 γάρ
403 2357 447 2452 ἦν
457 2363 588 2433 ἁπλοῦν
597 2363 634 2431 τδ
647 2371 770 2450 μανίαν
779 2364 886 2434 κακόν
897 2363 997 2450 εἶναι,
1014 2391 1075 2431 κα-

71 2471 137 2542 λοῖς
161 2459 204 2530 άν
225 2468 366 2548 ἐλέγετο·
388 2471 453 2529 νῦν
474 2462 510 2530 δέ
530 2459 570 2528 τά
588 2464 724 2547 μέγιστα
746 2469 813 2530 τῶν
834 2461 975 2549 άγαθοῦν
995 2460 1075 2548 ἡμῖν

72 2572 218 2648 γίγνεται
237 2560 290 2629 διοὶ
307 2569 441 2649 μανίας,
463 2567 540 2648 θείᾳ
557 2564 670 2648 μέντοι
686 2561 777 2630 δόσει
796 2564 976 2647 διδομένης.
1000 2559 1022 2647 η’
1041 2586 1074 2627 τε

72 2660 137 2744 γάρ
150 2658 189 2744 δὴ
204 2663 239 2727 έν
256 2668 403 2745 Δελφοῖς
413 2666 576 2745 προφῆτις
590 2655 665 2726 αἵτ’
675 2662 713 2726 ἐν
722 2659 873 2748 Δωδώνη
884 2662 999 2743 ίέρειαι
1011 2684 1074 2744 μα·
1092 2674 1112 2722 Β

72 2771 179 2826 νεῖσαι
188 2758 250 2844 μὲν
263 2756 367 2825 πολλά
379 2757 419 2845 δη
432 2759 487 2825 καὶ
497 2755 582 2825 καλὰ
594 2761 660 2847 ἰδίᾳ
671 2783 706 2825 τε
717 2759 772 2826 καὶ
786 2762 926 2846 δημοσίᾳ
938 2755 1078 2844 τὴνἙλ-
1160 2839 1162 2842 ¹

72 2857 157 2923 λάδα
174 2855 387 2942 είργάσαντο,
410 2865 645 2943 σωφρονοῦσαι
664 2857 699 2926 δὲ
712 2862 833 2944 βραχέα
850 2853 999 2946 ἥοῦδέν·
1023 2857 1078 2922 καὶ

73 2951 132 3020 ἐάν
150 2953 189 3039 δὴ
208 2957 355 3041 λέγωμεν
370 2956 544 3042 Σίβυλλάν
559 2982 594 3023 τε
611 2958 666 3024 καὶ
682 2954 819 3042 ἄλλους,
845 2954 919 3023 ὅσοι
935 2958 1076 3047 μαντικῇ

73 3056 236 3141 ῖθώμενοι
258 3059 364 3144 ἐυθέφ
388 3053 493 3124 πολλά
519 3054 559 3142 δὴ
582 3064 714 3135 πολλοῖς
735 3059 952 3138 προλέγοντες
973 3058 1018 3129 είς
1039 3051 1076 3118 ιδ

73 3157 194 3240 μέλλον
213 3153 394 3239 ὤρθωσαν,
417 3155 622 3241 μηκάνοιμεν
640 3149 683 3220 άν
696 3158 778 3238 δῆλα
795 3152 894 3218 παντὶ
910 3153 1076 3234 λέγοντες·

73 3253 148 3320 τόδε
160 3249 227 3338 μὴν
238 3251 331 3332 άξιον
342 3253 644 3340 ἐπιμαρτῦρασθαι,
668 3249 719 3317 ὅτι
735 3252 790 3317 καὶ
806 3256 875 3317 τοῖν
886 3253 1036 3315 παλαιῶν
1046 3249 1079 3312 οί

72 3348 112 3418 τά
128 3349 276 3434 ὀνόματα
292 3355 460 3434 τιθέμενοι
477 3348 539 3418 οῦκ
557 3344 694 3434 αίσχρόν
705 3345 848 3434 ἡγοῦντο
860 3343 938 3438 οῦδὲ
950 3344 1079 3422 ὄνειδος
