2422 3780
141 162 201 225 140
499 161 785 221 ΠΛΑΤΩΝΟΣ
1127 175 1144 225 ‘2

139 321 171 389 δ’
186 322 267 406 ἐγώ,
281 314 501 400 ῶΓλαύκωνς
516 318 578 388 οὐκ
589 318 679 387 οἶσθ’
692 319 742 388 ὅτι
755 326 888 390 πολλῶν
899 319 1146 407 ἐτῶνἉγάθων

139 421 263 488 ἐνθάδε
275 417 337 487 οὐκ
349 419 606 506 ἐπιδεδήμηκευς
627 415 688 504 ἀφ’
703 412 746 486 οὗ
758 417 790 486 δ’
804 419 867 505 ἑγῶ
880 420 1051 503 Σωκράτει
1061 440 1146 488 συν-

139 525 294 641 διατρίβω
310 520 365 587 καί
382 519 529 605 ἐπιμελὲς
545 523 724 603 πεποίημαι
741 518 878 604 ἑκάστης
891 515 1013 605 ἡμέρας
1024 523 1146 586 είδέυαι

138 618 158 685 ά
169 645 201 685 τι
211 614 254 685 άν
265 614 377 705 λε’γη“
355 645 375 737 ιχ
388 618 531 704 πράττη,
543 613 674 683 οὐδέπω
685 623 759 702 τρία
770 622 823 703 ἔτη
835 622 937 684 ἐστίν
958 618 1022 699 πρὸ
1034 644 1096 685 του
1084 619 1146 687 δε

71 739 121 796 173
136 721 336 802 περιτρέχων
353 715 418 803 ὅπη
435 714 565 801 τύχοιμι
582 717 637 783 και
654 716 805 802 οἰόμενος
821 719 851 783 τὶ
863 729 969 783 ποιειν
981 713 1146 783 άθλιῶτε-

138 806 227 900 ροςῆ
239 811 400 899 ὁτουοῦν,
413 810 474 933 οὐχ
483 805 616 902 η’ττουά
628 812 671 880 σὺ
682 822 762 881 νυνί
766 815 944 900 ,οἰόμενος
955 818 1025 882 δειν
1036 816 1146 882 πάντα

137 922 263 1000 μάλλον
275 908 460 998 πράττειυή
456 909 682 997 φιλοσοφειν.
714 911 800 982 καὶ”
780 940 836 1000 ος,
848 909 907 999 Μὴ
920 911 1045 980 σκῶπτ’
1047 918 1141 999 ,ἔφη

137 1009 211 1079 ἄλλ’
230 1014 301 1078 είπί
315 1036 371 1095 μοι
381 1009 460 1076 πότε
472 1007 629 1094 ἐγένετο’
613 1036 633 1096 η
647 1010 865 1081 συνουσία“
820 1038 912 1097 αυτη.
947 1007 1038 1096 κάγω
1027 1008 1145 1077 εἶπον

136 1109 186 1178 ὅτι
198 1113 334 1177 Παίδων
345 1105 454 1175 ὄντων
464 1107 559 1194 ἡμῶν
572 1112 634 1193 ἔτι,
656 1108 711 1176 ὅτε
722 1116 761 1197 τῇ
775 1109 887 1196 πρῶτη
901 1111 1064 1197 τραγῳδίᾳ
1077 1110 1145 1174 ἐνί-

135 1203 416 1293 κησενἈγάθων,
439 1213 480 1292 τῇ
493 1202 651 1294 ὑστεραίᾳ
668 1199 692 1294 ᾗ
708 1204 747 1273 τά
766 1209 907 1273 ἐπινίκια
925 1210 1027 1272 ἔθυεν
1045 1203 1146 1284 αὐτός

135 1333 170 1374 τε
188 1308 243 1373 καί
261 1309 294 1371 οί
308 1311 470 1389 χορευταί.
503 1303 619 1386 Πάνυ,
643 1309 723 1389 ἔφη,
746 1303 810 1391 άρα
827 1305 944 1387 πάλαι,
968 1302 1012 1382 ῶς
1029 1309 1142 1371 ἔοικεν.

136 1403 219 1472 άλλά
232 1412 280 1484 τίς
292 1423 345 1471 σοι
356 1407 514 1488 διηγείτος
525 1398 547 1488 η’
557 1400 657 1481 αὐτὸς
668 1402 864 1487 Σωκράτη9;
879 1397 930 1467 Οά
940 1401 986 1487 μά
997 1402 1057 1470 τὸν
1065 1410 1143 1488 Δία,

98 1524 119 1572 Β
137 1496 180 1590 ἦν
192 1501 223 1570 δ’
238 1503 319 1588 ἐγῶ,
332 1500 404 1572 ἀλλ’
418 1501 521 1587 ὅσπερ
534 1510 680 1570 Φοίνικι·
701 1498 932 1587 Ἀριστόδημος
942 1494 986 1586 ἦν
996 1529 1058 1587 τις,
1069 1509 1136 1569 Κυ<

138 1601 356 1687 δαθηυαιεύς,
380 1601 533 1687 σμικρός,
556 1599 763 1686 άυυπόδητος
782 1598 846 1669 άεί·
870 1602 1089 1686 παραγεγόνει
1109 1603 1138 1667 δ’

137 1706 173 1768 ἐν
190 1709 230 1787 τῇ
249 1707 429 1788 συνουσίᾳ,
448 1698 650 1784 Σωκράτους
667 1699 803 1788 ἐραστὴς
821 1696 868 1768 ῶν
879 1704 915 1768 ἐν
927 1714 994 1779 τοῖς
1005 1699 1144 1785 μάλιστα

137 1807 205 1865 τῶν
216 1797 305 1882 τότε,
325 1795 369 1876 ῶς
379 1799 452 1882 ἐμοὶ
463 1802 561 1865 δοκεῖ.
596 1795 638 1864 οὐ
648 1805 760 1884 μέντοι
771 1798 854 1866 άλλά
865 1802 920 1866 καὶ
932 1799 1094 1883 Σωκράτη
1106 1825 1144 1883 γε

136 1902 207 1963 ἔνια
219 1894 281 1983 ἤδη
294 1894 467 1982 άνηράμην
479 1887 528 1965 ῶν
539 1900 668 1964 ἐκείνου
679 1895 825 1981 ἤκουσα,
848 1903 906 1962 καί
915 1922 970 1980 μοι
982 1891 1143 1979 ὡμολόγει

136 1995 289 2080 καθάπερ
300 1996 425 2072 ἐκεῖνος
436 1998 585 2079 διηγεῖτο.
623 2000 663 2061 Τί
672 1986 750 2078 οὖν,
769 1999 848 2077 ἔφη,
862 1991 903 2059 οά
915 1992 1060 2076 διηγήσω
1071 2017 1143 2076 μοι;

137 2093 269 2170 πάντως
287 2089 359 2177 δὲὴ
379 2089 492 2175 6δόςὴ
515 2096 560 2168 είς
571 2089 655 2157 άστυ
665 2093 830 2175 ἐπιτηδεία
841 2094 1076 2175 πορευομένοις
1088 2093 1143 2158 καὶ

137 2192 246 2273 λέγειν
256 2192 312 2256 καί
322 2187 469 2256 άιιούειν.
494 2187 582 2256 οὕτω
594 2186 635 2274 δὴ
650 2186 755 2265 ίάυτες
768 2186 835 2274 ἅμα
846 2188 925 2267 τούς
936 2189 1056 2274 λόγους
1067 2193 1143 2275 περὶ

100 2306 119 2358 c
137 2284 250 2354 αὐτῶν
267 2287 491 2373 ἐποιούμεθα,
515 2285 616 2371 ῶοτε,
639 2284 721 2372 ὅπερ
742 2284 925 2372 άρχάμενος
946 2286 1056 2373 εἶπον,
1079 2287 1143 2355 οὐκ

136 2384 341 2472 άμελετήτοις
350 2390 421 2471 ἔχω.
454 2392 485 2455 εί
494 2378 558 2453 οὖν
569 2385 685 2454 δεῖκαὶ
697 2381 777 2470 ὑμῖν
787 2385 1027 2473 διηγήσασθαι,
1039 2396 1143 2455 ταῦτα

135 2481 195 2569 χρὴ
209 2496 323 2550 ποιεῖν.
344 2481 474 2569 καὶγὰρ
488 2490 590 2570 ἔγωγε
601 2486 657 2553 καλ
668 2482 791 2570 άλλως,
803 2482 885 2551 ὅταν
896 2489 958 2571 μέν
968 2513 1059 2564 τινας
1070 2488 1145 2571 περὶ

136 2587 335 2667 φιλοσοφίας
346 2580 468 2666 λάγους
479 2576 501 2668 ἢ
512 2579 613 2660 αὐτὸς
624 2590 768 2670 ποιῶμαι
778 2580 801 2671 ἢ
812 2582 925 2657 ἄλλων
936 2583 1066 2670 άκοάω,
1078 2611 1143 2670 χω-

136 2682 186 2758 ρίς
199 2685 259 2746 τοῦ
271 2687 402 2746 οἴεσθαι
414 2676 618 2764 ω’φελείσθαι
628 2679 809 2768 ὑπερφυῶς
821 2679 865 2763 ῶς
875 2689 992 2769 χαίρω·
1015 2682 1096 2751 ὅταν
1108 2683 1144 2750 δὲ

65 2788 74 2801 ’
135 2776 258 2854 ἄλλους
279 2774 388 2862 τινάς,
410 2775 519 2857 άλλως
539 2803 575 2846 τε
596 2781 652 2848 καί
672 2779 751 2859 τούς
771 2778 952 2867 ὑμετέρους
975 2780 1053 2860 τοὺς
1075 2789 1145 2848 τῶν

135 2882 305 2944 πλουσίων
322 2875 377 2942 καί
393 2885 669 2962 χρηματιστικῶν,
693 2878 795 2958 αὐτός
812 2906 846 2949 τε
856 2879 1002 2967 άχθομαι
1013 2877 1099 2967 ὑμᾶς
1109 2907 1145 2947 τε

134 2973 212 3054 τούς
223 2974 372 3056 ἑταίρους
382 2976 480 3058 ἐλεῶ,
499 2970 552 3042 ὅτι
561 2983 675 3044 οἴεσθε
687 2981 719 3045 τί
729 2992 836 3049 ποιεῖν
848 2977 949 3048 οὐδὲν
959 2987 1143 3057 ποιοῦντες.

94 3101 113 3149 1)
133 3074 278 3151 κυλίσεις
289 3064 887 3163 αὖδμελςέμὲὴγεῑσθεκακοδαίμονα
899 3075 993 3160 εἶναι,
1006 3080 1061 3146 καὶ
1072 3087 1145 3145 οίο-

133 3198 191 3257 μαι
213 3167 299 3257 ὑμῶς
321 3168 433 3258 άληδῆ
454 3179 602 3241 οίεοδαι·
623 3172 688 3258 ἐγῶ
710 3178 823 3260 μέντοι
843 3170 929 3260 ὑμᾶς
951 3172 1014 3243 οὐκ
1032 3184 1144 3261 οίομαι

134 3265 208 3336 ἀλλ’
221 3261 353 3337 εὖοίδα.

217 3373 334 3434 ΕΤΑΙ.
366 3364 430 3436 Ἀεὶ
442 3366 556 3455 ὅμοιος
567 3361 647 3457 εί,ω’
654 3366 895 3456 Ἀπολλόδωρε·
918 3364 1043 3456 άείγάρ
1056 3390 1141 3438 σαυ-
