2408 3780
453 189 693 247 ΦΙΛΗΒΟΣ.
1033 191 1073 255 55

65 349 169 419 όπόσα
189 345 230 436 δή
248 345 316 415 κατ’
334 345 436 435 ἀρχὰς
452 346 516 432 ἐγώ
529 351 671 433 θέμενος
682 347 777 417 εἷπον
788 348 937 436 ἀγαθόν,
955 357 1072 438 διερω-

63 449 211 535 τοόμενος
223 444 244 514 ό
254 453 288 515 τί
296 448 377 513 ποτέ
386 447 455 513 ἐστι
466 443 633 532 τάγαθόν,
653 438 703 533 ἀρ’
716 443 758 514 οῦ
769 446 893 516 ταύτόν
903 460 1071 518 πείσονται

64 555 162 618 τοῦτο
182 545 265 630 ὅπερ
282 541 300 611 ὁ
320 542 378 622 σός
395 544 508 631 λόγοςς

147 650 250 713 Hm.
274 649 369 722 110593

147 748 224 810 Σίλ.
248 745 378 807 Πολλαί
385 763 420 804 τε
432 742 469 805 αἱ
477 743 663 818 ξυναπασαι
674 743 849 828 ἐπιστῆμαι
859 742 1015 823 δόξουσιν
1026 743 1072 810 εἶ·

64 868 118 909 ναι
128 842 184 907 καὶ
195 837 351 924 ἀνόμοιοί
358 862 446 914 τινες
456 834 571 904 αὐτῶν
579 833 750 924 ἀλλήλαις·
773 845 804 907 εί
813 839 849 908 δὲ
859 843 915 909 καί
926 844 1073 908 ἐναντίαι

64 965 108 1027 πη
126 942 302 1024 γίγνονταί
318 959 420 1021 τινες,
444 927 510 1015 ἀρα
530 931 658 1015 ἀξιος
636 963 679 1004 αν
696 946 768 1023 είην
784 945 844 1006 τοῦ
863 942 1071 1025 διαλέγεσθαι
1094 944 1123 997 14

63 1044 185 1123 νῦν,ε
169 1035 378 1122 είφοβηθεὶς
394 1040 494 1100 τοῦτο
514 1031 595 1101 αὐτὸ
613 1032 812 1152 μηδεμίαν’
792 1037 954 1122 ανόμοιον
969 1046 1072 1123 φαίην

64 1133 247 1220 ἐπιστήμην
267 1134 427 1219 ἐπιστήμῃ
449 1138 641 1217 γίγνεσθαι,
673 1129 811 1201 κᾶπειθ’
831 1133 911 1221 ήμίν
935 1161 1032 1214 ουτος
1053 1163 1070 1203 ο

63 1232 162 1317 λόγος
177 1229 288 1316 ὥσπερ
305 1238 415 1315 μῦθος
429 1227 634 1316 ἀπολόμενος
644 1239 782 1318 οίχοιτο,
804 1229 900 1301 αὐτοὶ
910 1234 946 1301 δέ
957 1241 1072 1314 σωξοί-

64 1341 153 1416 μεθα
170 1332 227 1398 ἐπί
237 1354 326 1408 τινος
343 1327 493 1414 ἀλογίας;

146 1434 252 1495 ΠΡΩ.
281 1423 364 1494 Ἀλλ’
382 1424 424 1494 οῦ
442 1453 509 1514 μην
527 1433 579 1497 δεῖ
591 1438 690 1497 τοῦτο
707 1440 882 1516 γενεσθαι,
905 1437 992 1516 πλην
1010 1438 1070 1498 τοῦ

64 1534 231 1650 σωθῆναι.
253 1524 292 1593 τό
310 1551 348 1610 γε
366 1523 433 1612 μήν
450 1553 506 1612 μοι
518 1536 592 1595 ίσον
604 1536 666 1594 τοῦ
682 1534 746 1595 σοῦ
756 1553 791 1595 τε
804 1531 859 1595 καί
870 1531 952 1614 ἐμοῦ
968 1529 1071 1612 λόγου

65 1622 212 1707 ἀρέσκει·
223 1626 342 1691 πολλαὶ
352 1626 414 1709 μὲν
423 1621 541 1710 ηδοναὶ
550 1622 635 1693 καὶ
616 1650 766 1710 ανομοιοι
776 1627 976 1712 γιγνέσθων,
989 1635 1071 1691 πολ-

66 1724 114 1789 λαί
126 1721 163 1790 δέ
173 1724 347 1807 ἐπιστῆμαι
357 1724 413 1788 καὶ
425 1721 581 1819 διάφοροι

146 1824 223 1886 Σίλ.
261 1818 327 1905 Τήν
343 1825 461 1887 τοίνυν
481 1813 723 1906 διαφοροτητα,
747 1847 773 1887 ιν
763 1811 988 1905 Πρωταρχε,
1012 1829 1110 1892 τοῦΒ

64 1916 198 2002 ἀγαθοῦ
209 1923 301 1983 τοῦτ
303 1913 406 2003 ’ἐμοῦ
418 1920 472 1986 καὶ
483 1926 545 1985 τοῦ
556 1926 618 1985 σοῦ
628 1917 672 2005 μή
685 1914 991 2005 ἀποκρυπτόμενοι,
1010 1945 1071 1985 κα-

64 2014 299 2093 τατιθέντεςῦὲ
310 2020 356 2094 είς
364 2042 402 2082 το
394 2015 535 2102 μέσον,
555 2015 773 2103 τολμιῦμεν,”
751 2042 794 2083 αν
804 2041 850 2104 πη
863 2015 1072 2101 ἐλεγχόμενοι

64 2115 253 2202 μηνύσασι,
272 2112 415 2196 πότερον
427 2111 555 2201 ἡδονήν
565 2113 717 2200 τάγαθόν
731 2118 783 2182 δεῖ
792 2116 898 2200 λέγειν
910 2109 931 2199 ή
943 2112 1073 2199 φρόνη-

64 2232 117 2281 σιν
127 2208 151 2298 ή
160 2217 274 2295 τρίτον
284 2210 366 2280 ἀλλο
379 2210 478 2279 εἶναι.
498 2220 565 2279 νῦν
578 2211 643 2298 γὰρ
656 2211 697 2280 οῦ
709 2212 818 2299 δήπου
836 2213 919 2297 πρός
934 2239 972 2298 γε
989 2210 1070 2280 αὐτό

63 2317 160 2378 τοῦτο
181 2315 453 2395 φιλονεικοῦμεν,
471 2307 562 2389 ὅπως
573 2307 644 2396 ἆγώ
654 2317 803 2396 τίθεμαι,
821 2307 915 2377 ταῦτ’
929 2316 1019 2377 ἔσται
1030 2308 1069 2378 τά

63 2416 226 2490 νικῶντα,
248 2404 271 2493 ή
286 2408 389 2475 ταῦθ’
403 2405 426 2474 ἀ
437 2407 497 2494 σό,
514 2416 563 2497 τῷ
573 2407 606 2475 δ’
618 2405 832 2496 ἀληθεστάτην
845 2411 971 2474 ὃείπον
984 2428 1071 2493 συμ-

19 2554 22 2558 ‡
64 2518 179 2593 εαιεῖν
195 2501 279 2590 ἡμᾶς
296 2502 406 2591 ἄνευ·

146 2608 251 2670 Hm.
277 2611 344 2670 Διί
355 2600 420 2689 γὰρ
436 2595 508 2671 οῦν.

147 2707 186 2769 V.
218 2706 294 2770 Σίλ.
331 2705 461 2769 Τοῦτον
480 2708 597 2770 τοίνυν
616 2727 677 2770 τον
696 2701 800 2788 λόγον
821 2705 867 2769 ἔτι
883 2708 1012 2788 μᾶλλον
1030 2695 1105 2766 6ιό

64 2795 241 2885 ὁμολογίας
261 2798 534 2885 βεβαιωσόμεθα.

146 2903 250 2964 Hm.
283 2895 350 2963 Τόν
366 2910 463 2963 ποίου
481 2897 539 2983 δή;

148 3001 225 3062 ΣΩ.
272 2991 340 3063 Τόν
362 3001 443 3061 πᾶσι
467 2996 650 3081 παρέχοντα
678 2992 871 3084 ἀνθρώποις
895 2992 1071 3079 πράγματα

66 3094 184 3161 ἑκοῦσί
190 3119 225 3161 τε
236 3093 292 3162 ιιαὶ
303 3090 444 3160 ἀπουσιν
456 3094 555 3170 ἐνίοις
565 3095 620 3160 καὶ
630 3096 744 3161 ἐνίοτε.

147 3196 252 3259 um.
284 3191 368 3275 Λέγε
386 3193 601 3275 σαφέστερον.

146 3294 224 3357 ΣΩ.
252 3285 320 3356 Τόν
330 3297 396 3356 νῦν
407 3285 447 3374 δή
458 3288 693 3374 παραπεσόντα
704 3291 805 3373 λέγω,
818 3285 920 3373 φόσει
932 3307 1001 3363 πως
1012 3309 1072 3352 πε-

66 3384 196 3470 φυκότα
213 3385 427 3471 θαυμαστόν.
448 3389 486 3454 ἓν
502 3383 568 3468 γὰρ
586 3385 626 3462 δή
643 3383 683 3451 τά
700 3382 805 3452 πολλὰ
820 3382 903 3452 εἶναι
920 3383 975 3451 καὶ
985 3382 1021 3450 τό
1034 3385 1072 3450 ἐν
