2408 3780
165 156 227 218 ‘210
523 158 736 218 ΠΛΑΤΩΝ
745 160 807 219 ΟΣ
1140 167 1172 220 λθ

165 345 223 396 νος
235 317 446 409 ἀποτρέπειν·
461 325 564 385 ταῦτα
574 316 638 400 γάρ
648 319 717 388 ἐστι
727 326 836 401 φιλίας
844 325 952 385 πολνν
961 317 1170 404 χρόνονὲσο-

166 421 265 502 μένης
276 417 441 502 τεκμήρια.
475 422 505 482 εἰ
514 413 546 481 δ’
560 411 626 498 άρα
636 431 690 487 σοι
700 422 797 482 τοῦτο
808 418 1029 502 παρέστηκεν,
1054 414 1171 504 ὦςούχ

166 508 283 581 οἷόντε
296 510 436 599 ἰσχυράν
446 519 560 598 φιλίαν
571 513 746 605 γενέσθαι,
766 509 825 578 ἐάν
835 513 880 598 μή
891 538 940 590 τις
950 515 1036 596 ἐρῦν
1047 515 1170 599 τυγχά-

125 627 146 676 D
165 637 223 698 νη,
247 613 470 696 ἐνθυμεῖσθαι
480 609 553 695 χρή,
572 607 623 675 ὅτι
633 605 708 676 οὔτ’
720 604 763 675 άν
773 606 852 687 τοῦς
864 613 945 689 υίείς
956 612 1030 694 περὶ
1041 618 1168 681 πολλοῦ

165 708 367 793 ἐποιούμεθα
385 704 457 774 οὔτ’
478 703 610 786 άντούς
630 708 771 790 πατέρας
782 709 836 775 καὶ
848 705 905 786 τάς
915 710 1072 795 μητέρας,
1095 709 1167 778 οὔτ’

165 801 208 870 άν
226 803 361 883 πιστούς
381 811 498 890 φίλους
510 802 727 889 έκεκτήμεθα,
750 797 856 872 οἰούκ
867 807 899 885 ἐξ
910 809 1088 893 ἐπιθυμίας
1100 835 1167 876 τοι-

165 902 266 987 αύτης
276 902 454 987 γεγόνασιν
465 899 537 970 ἀλλ’
550 905 582 982 ἐξ
594 903 714 985 ἑτέρων
725 902 1000 989 ἐπιτηδευμάτων.
1099 944 1101 948 -

249 1005 298 1065 ΙΧ.
332 997 403 1065 Ἔτι
425 998 461 1066 δὲ
482 1005 512 1065 εἰ
529 997 591 1084 χρη
614 1011 681 1076 τοῖς
703 1002 869 1083 δεομένοις
885 1002 1025 1085 μάλιστα
1040 1010 1166 1088 χαρίζε-

164 1105 260 1179 σθαι,
282 1095 441 1180 προσήκει
458 1098 512 1163 καὶ
531 1109 599 1174 τοῖς
615 1093 726 1174 ἄλλοις
738 1094 782 1182 μὴ
793 1095 872 1176 τούς
881 1103 1071 1184 βελτίστους
1083 1097 1165 1169 ἀλλὰ

164 1194 241 1272 τοῦς
258 1190 493 1290 ἀπορωτάτους
511 1186 550 1261 εῦ
565 1207 688 1261 ποιεῖν·
711 1201 874 1279 μεγίστων
884 1197 947 1280 γὰρ
959 1194 1166 1282 ἀπαλλαγέν-

163 1318 217 1369 τες
227 1298 339 1358 κακῶν
351 1297 506 1376 πλείστην
516 1290 612 1377 χάριν
623 1288 735 1370 αὐτοῖς
746 1300 899 1360 ελσονται.
922 1295 976 1360 καί
987 1295 1048 1380 μὲν
1060 1293 1100 1380 δὴ
1112 1298 1165 1365 καὶ

127 1408 146 1456 Ε
164 1392 201 1456 έν
217 1404 287 1467 ταῖς
298 1393 393 1466 ἰδίαις
406 1390 567 1468 δαπάναις
576 1385 618 1457 οῦ
629 1390 708 1467 τούς
719 1395 837 1474 φίλους
848 1389 940 1470 άξιον
951 1401 1165 1479 παρακαλεῖν,

163 1485 246 1554 άλλά
257 1484 336 1565 τοῦς
347 1495 607 1570 προσαιτοῦντας
618 1487 671 1554 καὶ
683 1484 761 1566 τοῦς
772 1489 948 1573 δεομένους
959 1498 1165 1576 πλησμονῆς·

164 1588 283 1651 ἐκείνοι
300 1582 364 1667 γάρ
382 1587 436 1652 καὶ
454 1583 664 1672 ἀγαπήσουσι
680 1588 734 1652 καί
751 1583 1021 1672 ἀκολουθήσουσι
1041 1589 1096 1654 καὶ
1114 1590 1164 1655 ἐπὶ

163 1679 221 1759 τάς
234 1681 343 1765 θύρας
355 1681 471 1767 ἥξουσι
481 1685 536 1751 καί
546 1685 686 1770 μάλιστα
696 1680 902 1770 ἡσθήσονται
912 1687 967 1752 καὶ
979 1683 1041 1753 οῦκ
1059 1691 1164 1771 ἐλαχά
1176 1758 1185 1767 ,

165 1799 246 1864 στην
266 1778 363 1863 χάριν
385 1791 530 1848 εἰσονται
548 1783 602 1850 καὶ
620 1782 726 1850 πολλοὶ
745 1779 857 1867 άχαθά
875 1779 988 1862 αύτοῖς
1005 1782 1164 1862 εὔξονται.

164 1873 237 1943 ἀλλ’
258 1886 335 1956 ἰσως
346 1877 506 1965 προσήκει
517 1877 559 1946 ού
570 1893 635 1958 τοίς
646 1880 776 1965 σφόδρα
788 1883 955 1965 δεομένοις
965 1887 1166 1965 χαρίζεσθαι,

165 1973 247 2042 άλλά
258 1990 324 2053 τοῖς
336 1976 476 2062 μάλιστα
487 1975 671 2043 ἀποδοῦναι
681 1977 777 2060 χάριν
787 1981 995 2061 δυναμένοις·
1010 1974 1088 2042 οὐδὲ
1098 1991 1168 2057 τοῖς

164 2081 380 2153 προσαιτοῦσι
406 2074 529 2157 μόνον,
555 2070 638 2139 άλλά
665 2085 733 2149 τοῖς
756 2078 816 2137 τοῦ
837 2068 1026 2155 πράγματος
1047 2069 1167 2152 ἀξίοις·

94 2187 146 2240 234
163 2164 241 2234 οὐδὲ
252 2165 325 2235 ὅσοι
335 2175 393 2255 τῆς
404 2176 464 2253 σῆς
475 2166 562 2252 ὥρας
574 2165 834 2250 ἀπολαύσονται,
857 2164 930 2234 ἀλλ’
944 2172 1072 2247 οἵτινες
1083 2196 1167 2252 πρε-

164 2269 312 2354 σβυτέρω
322 2271 491 2355 γενομένω
500 2272 567 2334 τῶν
575 2268 744 2351 σφετέρων
753 2262 892 2350 άγαθῦν
900 2263 1165 2350 μεταδώσουσιν·

165 2361 242 2432 οῦδὲ
260 2370 294 2430 οἳ
304 2363 560 2448 διαπραξάμενοι
571 2360 654 2448 πρὸς
663 2362 741 2441 τούς
753 2359 874 2440 άλλονς
883 2359 1163 2450 φιλοτιμήσονται,

163 2459 234 2529 ἀλλ’
256 2465 289 2527 οἵ
304 2486 391 2540 τινες
408 2460 639 2548 αἰσχυνόμενοι
654 2457 737 2542 πρός
758 2456 905 2538 ἅπαντας
926 2458 1163 2545 σιωπήσονται·

164 2558 320 2636 οῦδὲτοίς
331 2557 444 2643 ὀλίγον
455 2558 578 2644 χρόνον
589 2558 845 2643 σπουδάζουσιν,
867 2555 949 2626 άλλά
968 2553 1164 2642 τοῖςὸμοίως

165 2653 219 2721 διά
231 2653 355 2734 παντὸς
365 2664 426 2723 τοῦ
436 2662 513 2742 βίον
525 2664 633 2741 φίλοις
643 2658 824 2742 ἐσομένοις·
847 2653 926 2723 οῦδὲ
936 2659 1063 2732 οἵτινες
1076 2679 1164 2721 παν-

164 2752 278 2838 όμενοι
288 2761 345 2839 τῆς
356 2757 534 2840 ἐπιθυμίας
544 2761 666 2841 ἔχθρας
678 2754 848 2841 πρόφασιν
857 2752 1069 2840 ζητήσουσιν,
1089 2751 1162 2822 ἀλλ’

128 2867 147 2916 ss
166 2855 201 2918 οἳ
215 2853 436 2936 παυσαμένοις
452 2860 510 2938 τῆς
527 2849 614 2937 ὥρας
631 2851 703 2920 τότε
719 2850 780 2937 τὴν
791 2848 902 2919 αῦτοῐν
912 2848 1032 2936 άρετην
1043 2854 1166 2945 ἐπιδεί-

164 2953 283 3030 ξονται.
307 2949 349 3015 σύ
359 2943 423 3017 οὖν
434 2959 501 3018 τῦν
512 2977 547 3018 τε
558 2955 740 3037 εἰρημένων
751 2952 913 3036 μέμνησο,
925 2952 981 3018 καὶ
992 2953 1097 3019 έκεῖνο
1110 2953 1164 3018 έν-

162 3053 288 3134 θυμοῦ,
299 3045 350 3115 ὅτι
359 3046 437 3128 τούς
447 3049 509 3135 μέν
519 3050 661 3132 ἐρῶντας
672 3051 706 3115 οί
718 3054 809 3133 φίλοι
819 3054 1040 3115 νουθετοῦσιν
1050 3046 1095 3126 ὡς
1105 3044 1165 3115 ὅν-

162 3171 217 3224 τος
234 3154 342 3212 κακοῦ
360 3155 421 3214 τοῦ
439 3146 710 3233 ἐπιτηδεύματος,
731 3158 799 3222 τοῖς
815 3147 850 3211 δὲ
867 3140 911 3231 μὴ
923 3147 1044 3229 ἐρῶσιν
1055 3141 1164 3223 οὐδεὶς

163 3243 296 3309 πώποτε
313 3250 380 3311 τοῖν
397 3250 529 3312 οἰκείων
543 3245 706 3330 ἐμέμψατο
724 3239 769 3319 ῦς
787 3239 840 3309 διά
851 3249 949 3309 τοῦτο
960 3248 1070 3320 κακῶς
1080 3247 1164 3327 βον-

158 3344 350 3414 λενοαένοις
371 3342 446 3421 περὶ
468 3344 605 3410 ἑαυτῦν.
627 3350 705 3418 ἰσως
725 3341 787 3425 μὲν
806 3330 871 3406 οῦν
892 3333 935 3405 άν
955 3338 1045 3421 ἔροιά
1067 3364 1118 3424 με,
1134 3343 1165 3405 εἰ
