2408 3780
457 196 694 257 ΦΙΛΗΒΟΣ.
1029 198 1072 260 99

63 353 227 435 δοξάζειν,
249 356 287 421 ἐν
305 351 423 433 λύπαις
441 351 472 422 δ’
490 351 556 437 ἀρα
574 357 628 423 καὶ
645 350 781 441 ἡδοναῖς
793 353 855 425 οὐκ
867 362 935 426 ἔστι
948 355 1071 424 ταύτόν

62 459 160 519 τοῦτο
173 452 391 537 γιγνόμενονς

146 558 247 618 ΠΡΩ.
279 549 374 619 Πολύ
386 550 447 637 μὲν
457 544 521 619 οὖν
533 558 674 638 μᾶλλον,
687 543 715 619 τό
725 552 909 637 Σεόκρατες.

146 655 222 716 ΣΩ.
252 648 420 718 Ἐναντίον
438 648 477 736 δὴ
491 651 527 719 τό
546 657 611 717 νῦν
622 659 668 739 τῷ
678 650 821 737 σμικρόν
833 659 1002 740 ἔμπροσθε
1013 658 1070 740 γε’-

64 773 170 831 γονεν.

146 854 247 916 Hm.
286 847 331 916 Τό
344 863 440 917 ποῖον
451 853 570 934 λέγειςς

147 955 221 1015 ΣΩ.
258 949 341 1017 Τότε
352 953 413 1035 μὲν
425 953 461 1015 αλ
470 948 561 1027 δόξαι
572 951 704 1029 ψευδεῖς
714 974 749 1017 τε
761 951 816 1017 καὶ
826 949 963 1036 ἀληθεῖς
974 948 1069 1018 αὐταὶ

62 1046 256 1132 γιγνόμεναι
272 1046 330 1126 ιάς
341 1047 449 1126 λύπας
464 1072 499 1114 τε
511 1049 565 1115 καὶ
576 1045 699 1135 ἡδονάς
710 1047 777 1135 άμα
788 1057 849 1117 τοῦ
862 1048 942 1134 παρ’
956 1047 1069 1128 αὑταῖς

10 1174 12 1217 ε
62 1145 257 1230 παθήματος
267 1144 527 1231 ἀνεπίμπλασαν.

145 1250 245 1311 Ilm.
276 1244 502 1330 Ἀληθέστατα.
1084 1260 1105 1310 Β

144 1349 219 1411 Σάι.
252 1351 330 1412 Νῦν
341 1350 379 1412 δι’
387 1370 425 1430 γε
437 1343 533 1413 αὐταὶ
545 1341 598 1410 διά
610 1341 647 1412 τό
665 1344 846 1428 πόρρωθέν
856 1371 890 1412 τε
902 1347 955 1412 καὶ
967 1345 1067 1430 ἐγγό-

58 1451 125 1509 θεν
142 1441 293 1510 ἑκάστοτε
310 1445 590 1531 μεταβαλλόμεναι
601 1451 820 1528 θεωρεῖσθαι,
832 1440 963 1527 καλάμα
974 1445 1066 1509 τιθέ-

59 1566 157 1626 μεναι
167 1539 248 1624 παρ’
260 1539 418 1627 ἀλλήλας,
438 1547 474 1610 αἱ
485 1541 546 1628 μὲν
556 1541 672 1629 ἡδοναὶ
683 1542 772 1624 παρά
782 1543 819 1610 τό
833 1541 983 1628 λυπηρόν
994 1550 1065 1627 μεί-

61 1646 135 1719 ζους
146 1647 322 1725 φαίνονται
333 1643 388 1708 καὶ
400 1641 637 1726 σφοδρότεραι,
654 1648 756 1709 λῦπαι
767 1639 799 1706 δ’
812 1634 855 1706 αὖ
867 1639 920 1708 διά
933 1639 969 1708 τό
982 1638 1063 1722 παρ’

60 1735 182 1822 ἡδονάς
192 1734 389 1806 τούναντίον
398 1741 546 1818 ἐκείναις.

141 1843 245 1905 Hm.
276 1835 418 1923 Ἀνάγκη
429 1845 603 1923 γίγνεσθαι
614 1836 799 1905 τὰτοιαῦτα
811 1835 865 1904 διά
876 1844 988 1904 ταῦτα.

142 1941 217 2003 Σόλ.
252 1933 390 2003 Οὐκοῦν
403 1935 471 2028 ὅσῳ
489 1942 617 2022 μείζους
630 1944 697 2004 τῶν
714 1935 825 2005 οὐσῶν
842 1935 990 2018 ἑκάτεραι
1010 1936 1064 2004 καὶ

59 2033 214 2113 ἐλάττους
234 2041 426 2121 φαίνονται,
456 2041 554 2103 τοῦτο
576 2034 820 2122 ἀποτεμόμενος
840 2036 1003 2118 ἑκατέρων
1025 2034 1061 2102 τό

61 2133 280 2220 φαινόμενον,
303 2131 376 2201 ἀλλ’
397 2131 459 2201 οὐκ
477 2132 533 2218 ὅν,
552 2133 630 2203 οὔτε
643 2133 723 2202 αάτό
736 2132 849 2219 ὀρθῶς
859 2134 1064 2220 φαινόμενον
1083 2149 1102 2200 c

61 2235 157 2318 ἐρεῖς,
181 2230 255 2300 οὐδ’
273 2225 318 2300 αὖ
339 2232 416 2302 ποτὲ
439 2233 475 2300 τό
493 2235 545 2300 ἐπὶ
561 2235 669 2323 τούτῳ
686 2240 786 2321 μέρος
803 2242 861 2321 τῆς
877 2232 1000 2321 ἡδονῆς
1010 2236 1064 2301 καὶ

61 2331 165 2418 λάπης
180 2330 501 2418 γιγνόμενονόρθόν
513 2334 613 2400 τεκαὶ
631 2330 754 2418 ἀληθὲς
763 2331 935 2418 τολμήσεις
946 2335 1063 2415 λέγειν.
1187 2327 1191 2333 ’

141 2436 243 2498 Hm.
279 2424 489 2518 Οόγάροῦν.

140 2536 215 2597 ΣΩ.
254 2530 392 2598 Τούτων
401 2537 518 2599 τοίνυν
534 2533 606 2614 ἑξῆς
616 2524 779 2613 ὀψόμεθα,
797 2524 856 2595 ἐάν
866 2531 944 2616 τῇδε
955 2525 1064 2594 ἀπαν-

53 2633 167 2715 τῶμεν
187 2625 312 2714 ἡδονάς
332 2631 384 2697 καὶ
408 2630 514 2708 λύπας
535 2631 666 2709 ψευδεῖς
688 2632 735 2694 ἔτι
756 2623 922 2714 μᾶλλονῆ
944 2629 1065 2705 ταότας

56 2727 262 2811 φαινομένας
272 2752 307 2794 τε
318 2727 372 2794 καὶ
384 2726 487 2806 οάσας
498 2729 534 2795 ἐν
544 2739 612 2804 τοϊς
622 2725 724 2806 ζώοις.

140 2831 241 2894 nm.
271 2832 376 2904 Ποίας
387 2823 428 2912 δὴ
440 2829 493 2893 καὶ
505 2832 575 2903 πῶς
584 2827 704 2908 λέγεις;

141 2930 266 3001 ΧΧἯ.,
284 2930 359 2992 ΣΩ.
392 2930 533 3010 Ελρηταί
546 2947 613 2990 που
623 2921 790 3009 πολλάκις,
803 2921 853 2992 ὅτι
864 2930 921 3011 τῆς
932 2925 1064 3009 φύσεως

49 3010 205 3090 Ιἑκάστων
223 3025 502 3107 διαφθειρομένης
515 3021 575 3107 μὲν
594 3030 783 3107 συγκρίσεσι
804 3023 860 3090 καὶ
883 3027 1063 3106 διακρίσεσι

53 3122 111 3189 καὶ
128 3119 316 3207 πληρόσεσι
332 3122 386 3188 καὶ
403 3120 562 3188 κενόσεσι
573 3128 631 3188 καί
639 3143 724 3188 τισιν
735 3121 849 3201 αὔξαις
860 3121 915 3187 καὶ
926 3125 1062 3205 φθίσεσι
1080 3136 1101 3186 Ι)

53 3226 162 3288 λῦπαί
180 3244 216 3286 τε
236 3219 291 3285 καὶ
311 3215 493 3305 ἀλγηδόνες
513 3219 568 3287 καὶ
589 3217 709 3287 ὀδύναι
729 3222 783 3286 καλ
805 3217 932 3306 πάνθ’,
956 3214 1063 3287 ὁπόσα

52 3315 185 3385 τοιαῦτ’
198 3314 333 3402 ὀνόματ’
346 3325 426 3404 ἔχει,
439 3322 609 3406 ξυμβαίνει
620 3315 809 3402 γιγνόμενα.

142 3420 246 3484 nm.
281 3423 365 3501 Ναί,
376 3424 480 3485 ταῦτα
490 3427 615 3504 εἴρηται
627 3417 799 3496 πολλάκις.

888 3517 908 3568 *1
915 3512 932 3546 ἢ
