2408 3780
104 175 145 238 76
472 171 754 231 ΠΛΑΤΩΝΟΣ

187 337 290 401 ΠΡΩ.
320 329 447 416 Ὀρθιῦς
461 355 511 397 τοι
532 332 617 415 λέγει
635 329 832 416 Σωκράτης,
854 330 908 398 καὶ
926 327 1016 418 αύτῷ
1033 354 1104 396 πει-

105 435 210 499 στέον.

189 535 246 596 ΦΙ.
281 524 418 596 Οὐκοῦν
435 523 518 610 ὑπὲρ
532 529 613 611 ἐμοῦ
624 525 684 609 σύ,
705 524 900 611 Πρώταρχε,
921 524 1106 611 προῄρησαι

103 630 227 712 λέγεινς

186 731 287 794 ΠΡΩ.
320 723 417 791 Πύυν
428 747 479 806 με·
497 728 562 787 νῦν
572 724 683 806 μέντοι
694 720 812 807 σχεῦόυ
822 717 953 805 ἀπορῶ
964 720 1019 786 καὶ
1031 722 1106 785 ‹550-

104 829 164 908 μοι’
171 849 224 909 γε,
248 848 273 889 ω
263 815 479 905 Σώκρατες,
500 818 604 887 αὐτόν
616 841 653 887 σε
663 817 743 906 ημϊυ
752 821 910 904 γενεσθαι
920 818 1104 904 προφήτην,

104 924 159 988 ι’να
177 918 314 1004 μηθὲν“
295 932 387 1006 ημιῑς
403 938 457 986 σοι
474 919 593 1001 περὶ
559 942 617 985 του
628 916 816 1005 ἀγωνιστὴν
830 916 1104 1039 ἐξαμαρτάνοντες

107 1041 194 1102 παρα
209 1020 307 1101 μέλος
317 1015 543 1101 φθερξύμεθά
553 1041 593 1081 τι.

68 1131 87 1181 c
188 1119 263 1181 ΣΩ.
297 1116 466 1196 Πειστέου,
480 1103 709 1199 ωΠρούταρχε·
726 1110 854 1182 ουδὲ
815 1137 879 1198 γαρ
891 1111 1034 1198 χαλεπου
1045 1137 1103 1178 ου

105 1211 162 1279 θὲν
178 1211 370 1288 ἐπιτάττεις·
392 1207 498 1277 ιῖλλΗ
484 1209 589 1289 ύυτως
607 1232 644 1278 σε
654 1210 735 1295 ἐμω,
758 1211 911 1295 καθάπερ
923 1209 991 1277 εἷπε
1003 1216 1106 1295 Φίλη-

103 1317 178 1397 βος,
203 1307 380 1395 σεμνύνων
396 1309 433 1374 ἐν
444 1316 492 1396 τῷ
502 1313 628 1388 παίζειν
640 1310 851 1396 ἐθορύβησα,
873 1316 958 1377 νοῦν
971 1311 1025 1376 καὶ
1036 1313 1105 1374 ἐπι-

104 1410 233 1494 στήμην
244 1406 400 1494 ἐρόμενος
411 1403 528 1474 ὁποίου
539 1408 657 1492 μένους
669 1405 750 1488 εἶευ;

188 1511 289 1574 ΠΡΩ.
322 1505 522 1572 Παντάπασί
528 1529 582 1590 γε,
595 1496 816 1593 ύΣύκρατες.

188 1610 263 1672 ΣΩ.
294 1601 392 1671 Ἀλλόι
410 1600 476 1689 μην
493 1603 620 1691 ῥηίδιον.
653 1603 772 1683 πάντες
788 1601 852 1689 γὰρ
865 1612 1107 1692 συμφωνοῦσιν

105 1710 139 1771 ολ
150 1709 264 1788 σοφοί,
277 1699 415 1780 ἑαυτούς
425 1700 529 1780 ὅντως
541 1702 776 1787 σεμνύνοντες,
789 1698 833 1780 ὡς
844 1711 924 1781 νοῦς
934 1706 999 1771 ἐστὶ
1011 1711 1107 1789 βασι-

106 1800 181 1880 λεὺς
198 1799 278 1887 ἡμῖν
295 1797 446 1881 ούρανοῦ
462 1824 497 1866 τε
507 1801 562 1867 καὶ
578 1807 653 1886 γῆς·
673 1803 728 1869 καὶ
739 1811 818 1879 ἴσως
830 1793 870 1869 εύ
880 1803 1028 1887 λέγουσι·
1054 1799 1108 1867 Bw}

105 1901 317 1984 μακροτέρων
338 1895 382 1982 δ’,
405 1903 436 1966 εἰ
450 1898 579 1984 βούλει,
600 1897 662 1985 τὴν
674 1903 792 1979 σκέψιν
802 1897 906 1967 αὐτοῦ
917 1907 978 1967 τοῦ
989 1901 1108 1982 γένους

105 1996 330 2082 ποιησώμεθα.

66 2114 88 2164 1)
188 2099 290 2161 ΠΡΩ.
323 2092 401 2180 Λέν’
415 2092 505 2172 ὅπως
516 2093 646 2181 βούλει,
663 2092 768 2180 μηδὲν
778 2100 882 2179 μῆκος
891 2090 971 2180 ἡμῖν
981 2091 1106 2162 ὑπολο-

104 2192 287 2278 γιζόμενος,
300 2183 528 2279 ύΣύκρατες,
547 2189 591 2269 ῦς
600 2188 663 2258 οὐκ
675 2189 954 2278 ἀπεχθησόμευος.

187 2297 268 2359 xvl.
313 2295 387 2358 ΣΩ.
421 2296 539 2368 Καλῶς
567 2287 664 2368 εἶπες.
695 2287 872 2376 ἀρξώμεθα
894 2293 932 2359 δέ
951 2314 1020 2370 πως
1042 2282 1107 2359 ὦδε

33 2416 36 2421 ·
105 2391 385 2470 ἐπανερωτῶντες.

187 2492 289 2556 Hm.
323 2493 419 2568 Πῶςς

190 2590 266 2653 ΣΩ
299 2585 464 2668 Πότερον,
478 2576 711 2670 ύΠρύταρχε,
728 2582 769 2652 τῦ
781 2583 952 2668 ξύμπαντα
963 2585 1019 2651 καλ
1030 2583 1107 2650 τόδε
1149 2592 1152 2600 “

105 2680 141 2750 τὸ
159 2683 367 2768 καλούμενον
382 2679 464 2750 ὅλον
475 2683 829 2768 ἐπιτροπεύεινφῦμεν
839 2707 971 2768 τηυτου
958 2679 1107 2768 ’ύλύγου

105 2807 158 2848 ιιαι
149 2785 243 2867 εἰκῇ
255 2780 399 2867 δύναμιν
409 2780 510 2849 καὶ
475 2806 512 2849 το
524 2779 591 2869 ὅπη
601 2785 730 2866 ἔτυχεν,
750 2775 941 2865 ητάναντία
952 2780 1140 2885 ιιαθύπέρχ

104 2882 138 2946 οἱ
153 2875 341 2962 πρόσθεν*
321 2884 418 2965 ημῶν
434 2884 551 2965 ἔλεγον
567 2886 652 2948 νοῦν
668 2880 724 2946 καλ
741 2878 888 2964 φρόνησί
887 2905 907 2946 ν
923 2905 996 2946 τινα
1016 2860 1153 3269 stow<

103 2996 231 3061 μαστην
243 2974 493 3044 συντύιτονσαυ
505 2980 747 3094 θιακυβερυᾷνς

65 3089 86 3139 Ε
188 3076 290 3140 ΠΡΩ.
325 3068 435 3140 Ουῦὲν
445 3098 513 3140 των
523 3099 635 3140 αυτωυ
642 3064 871 3158 ωθαυμασιε
882 3073 1067 3157 Σωκρατες

104 3172 164 3257 μὲν
181 3195 245 3256 γαρ
260 3170 304 3236 οὐ
314 3178 379 3238 νῦν
391 3174 431 3257 ῦη
442 3173 562 3255 λέγεις,
584 3167 693 3238 ούῦ’“
673 3190 768 3238 οσιου
779 3164 866 3239 εἷναί
872 3197 929 3255 μοι
941 3177 1106 3254 φαίνεται

104 3295 139 3335 το
128 3264 194 3336 ῦε
212 3275 299 3336 νοῦν
316 3291 423 3337 παυτα
441 3273 633 3355 διακοσμεῖν
649 3264 733 3335 αύτα
750 3268 855 3354 φάναι
866 3269 972 3336 καὶ
930 3295 988 3356 της
999 3268 1107 3349 ὅψεως

101 3373 163 3431 τοῦ
180 3365 310 3451 κόσμου
326 3366 381 3433 καὶ
392 3363 488 3452 ἡλίου
498 3368 553 3435 καλ
563 3365 703 3452 σελήνης
711 3368 766 3434 καλ
779 3362 927 3445 ἀστέρων
935 3367 990 3434 καὶ
1000 3367 1107 3454 πύσης
1151 3407 1153 3417 1
