2408 3780
148 184 209 248 192
509 182 793 244 ΠΛΑΤΩΝΟΣ
1122 192 1162 247 54
1186 186 1190 195 ’

149 337 215 414 εἶτα
237 356 367 433 οἴχομαι
389 345 543 431 φεύγων,
569 347 625 410 ίνα
650 340 694 428 μὴ
723 337 829 408 αὐτοῦ
852 341 1041 428 καθήμενος
1063 343 1159 428 παρὰ

111 456 131 506 Β
147 444 253 532 τούτω
270 443 499 530 καταχηράσω.
524 443 678 508 πέπονθα
696 443 732 506 δὲ
747 435 831 523 πρδς
841 446 963 507 τοῦτον
973 440 1082 524 μόνον
1093 439 1161 510 άν-

145 541 313 626 θρωπων,
335 538 355 608 δ
372 538 434 608 ούκ
453 539 496 606 άν
512 565 561 617 τις
578 538 684 606 οίοιτο
691 538 729 604 ἐν
740 537 811 623 ἐμοὶ
821 539 958 620 ἐνεῖναι,
980 534 1018 605 τὰ
1036 540 1160 626 αίσχύ-

145 648 265 706 νεσθαι
277 635 448 706 ὁντινοῦν·
473 635 537 722 ἐγὼ
550 634 585 703 δὲ
595 642 715 702 τοῦτον
724 634 830 720 μόνον
841 633 1048 722 αίσχύνομαι.
1074 639 1158 717 ξύν-

145 741 220 803 οιδα
237 734 301 820 γάρ
318 738 447 826 ἐμαυτῷ
466 732 648 818 ἀπολέγειν
658 736 720 818 μὲν
733 728 775 799 ού
788 733 981 822 δυναμένῳ,
994 731 1040 812 ὥς
1050 733 1094 801 ού
1106 740 1162 804 δεῖ

146 848 252 903 ποιεῖν
273 832 296 900 δι’
315 825 414 914 ούτος
436 834 580 919 κελεύει,
603 830 738 900 ἐπειδάν
756 836 791 900 δὲ
808 829 960 918 άπέλθω,
982 830 1159 925 ἡττημένῳ

143 940 200 1017 τῆς
222 938 317 1017 τιμῆς
340 937 399 1017 τῆς
417 928 482 998 ὑπὸ
500 937 568 997 τῶν
589 936 731 996 πολλῶν.
755 929 946 1014 δραπετεύω
966 922 1031 997 ούν
1050 929 1159 1000 αύτδν

111 1030 201 1095 (ικαὶ
218 1027 351 1112 φεύγω,
375 1029 431 1094 καὶ
450 1025 532 1093 ὅταν
547 1031 624 1110 ίδω,
646 1027 845 1112 αἰσχύνομαι
854 1027 894 1094 τά
907 1025 1156 1114 ὡμολογημένα.

144 1127 200 1192 καὶ
222 1122 382 1201 πολλάκις
404 1124 466 1208 μὲν
482 1120 586 1208 ἡδέως
599 1118 642 1191 άν
659 1127 761 1209 ίδοιμι
778 1120 884 1190 αύτδν
894 1121 940 1210 μὴ
953 1121 1033 1192 ὅντα
1044 1128 1084 1192 ἐν
1093 1123 1158 1192 άν-

144 1222 310 1307 θρωποις·
328 1225 359 1288 εί
368 1218 399 1287 δ’
414 1212 459 1287 αύ
468 1226 567 1287 τούτο
579 1224 724 1306 γίνοιτο,
744 1213 783 1287 εύ
797 1218 872 1290 οἶδα
883 1217 935 1287 ὅτι
946 1219 1033 1288 πολύ
1043 1228 1158 1306 μεῖζον

145 1316 188 1387 άν
199 1316 380 1405 άχθοίμην,
404 1317 488 1386 ύστε
505 1315 567 1385 ούκ
585 1322 647 1404 ἔχω
663 1315 684 1384 ὅ
693 1343 725 1385 τι
741 1317 904 1403 χρήσομαι
914 1319 1021 1407 τούτῳ
1032 1327 1080 1408 τῷ
1093 1319 1157 1388 άν-

143 1418 281 1506 θρύπω.

225 1520 361 1582 XXXIII.
402 1517 468 1580 Καὶ
487 1511 553 1582 ύπό
576 1512 636 1600 μὲν
658 1512 698 1599 δὴ
716 1520 784 1581 τάν
806 1511 1005 1600 αύλημάτων
1022 1515 1155 1600 καλὲγώ

143 1615 197 1679 καὶ
215 1610 309 1681 άλλοι
325 1613 441 1681 πολλοὶ
457 1619 592 1680 τοιαῦτα
610 1612 822 1680 πεπόνθασιν
832 1609 897 1678 ὑπὸ
910 1615 1007 1679 τοῦδε
1017 1620 1080 1678 τού
1091 1632 1154 1680 σα·

143 1711 264 1793 τύρου·
287 1709 371 1778 άλλα
385 1711 420 1778 δὲ
438 1714 520 1796 ἐμοῦ
529 1708 694 1778 ἀκούσατε
705 1706 750 1789 άς
759 1707 874 1796 ὅμοιός
882 1705 912 1776 τ’
926 1710 1014 1776 ἐστὶν
1025 1702 1075 1787 οἷς
1086 1707 1153 1795 ἐμοὶ

145 1815 260 1873 είιιασα
273 1803 378 1873 αύτόυ
388 1808 443 1872 καλ
461 1803 523 1892 τὴν
535 1808 680 1893 δύναμιν
691 1803 735 1886 ὡς
745 1812 939 1892 θαυμασίαν
951 1809 1025 1891 ἔχει.
1036 1797 1077 1872 εύ
1087 1804 1154 1893 γάρ

103 1921 124 1969 Ι)
144 1911 212 1969 ίστε
230 1900 282 1968 ὅτι
299 1900 408 1981 ούδελς
419 1900 848 1990 ύμῶντούτονγιγνύσκει·
871 1899 955 1969 άλλύ
967 1898 1029 1985 ἐμοὶ
1042 1903 1154 1987 δηλοί-

143 2019 201 2083 σω,
213 2001 344 2087 ἐπείπερ
360 1997 522 2086 ἠρξάμην.
544 2001 644 2084 ὁρᾶτε
659 1999 723 2086 γὰρ
735 1999 787 2068 ὅτι
797 1998 978 2085 Σωκράτης
990 2003 1155 2086 ἐρωτικοῖς

143 2095 304 2163 διάκειται
320 2103 389 2164 τῶν
406 2104 520 2164 καλεῖν
536 2099 592 2165 καὶ
608 2096 659 2164 άελ
674 2099 749 2181 περὶ
760 2098 900 2177 τούτους
912 2099 979 2166 ἐστὶ
990 2099 1044 2165 καὶ
1055 2099 1154 2165 ἐκπέ-

142 2199 297 2278 πληκται,
322 2196 377 2260 καὶ
398 2186 443 2260 αύ
463 2191 581 2279 άχνοεί
597 2194 706 2261 πάντα
726 2197 781 2263 καὶ
798 2193 899 2263 οὐδὲν
917 2193 1023 2281 οἶδεν,
1045 2192 1090 2273 ὡς
1114 2192 1152 2262 τδ
1195 2216 1198 2271 5

143 2297 250 2377 σχῆμα
262 2288 375 2360 αὐτοῦ.
388 2299 486 2359 τοῦτο
498 2288 540 2359 ού
551 2298 764 2379 σειληνοῐδες;
774 2293 906 2378 σφόδρα
916 2319 963 2378 με.
975 2299 1075 2361 τοῦτο
1087 2292 1152 2378 γάρ
1192 2286 1198 2359 ³}

143 2380 241 2466 οὖτος
258 2394 384 2469 ἔξωθεν
401 2391 646 2478 περιβέβληται,
670 2388 781 2479 ὥσπερ
805 2388 824 2459 ὁ
841 2393 1067 2477 γεγλυμμένος
1084 2411 1153 2457 σει-
1193 2432 1198 2485 3

141 2486 257 2570 ληνός·
279 2489 421 2554 ἔνδοθεν
438 2484 651 2573 δὲάνοιχθελς
662 2490 767 2577 πόσης
780 2498 894 2558 οἴεσθε
913 2492 1020 2575 νέμει,
1043 2481 1073 2556 οδ
1090 2485 1153 2555 ἄν·
1191 2490 1198 2549 ί

142 2586 217 2664 δρες
235 2581 416 2667 συμπόται,
439 2585 677 2672 σωφροσύνης;
699 2596 768 2655 ίστε
791 2585 842 2654 ὅτι
866 2585 939 2655 οὔτ’
965 2597 999 2655 εί
1016 2613 1066 2666 τις
1088 2612 1151 2655 κα-
1196 2606 1198 2613 ·

140 2678 199 2756 λός
216 2680 284 2745 ἐστι
300 2681 391 2764 μέλει
407 2679 500 2771 αύτῷ
516 2682 633 2768 οὐδέν,
656 2682 741 2752 άλλά
760 2697 966 2770 καταφρονεῖ
984 2692 1150 2752 τοσοῦτον
1194 2722 1198 2763 i

105 2774 226 2842 Εὸσον
248 2774 322 2842 ούδ’
345 2773 388 2844 άν
410 2776 456 2857 εἷς
473 2785 619 2867 οἰηθείη,
643 2780 717 2848 οὔτ’
732 2792 765 2850 εί
776 2807 825 2860 τις
835 2779 1008 2866 πλούσιος,
1027 2779 1102 2849 οὔτ’
1123 2787 1155 2850 εί

141 2873 246 2959 άλλην
255 2871 329 2941 τινὰ
341 2874 531 2962 τιμηνὲχων
540 2886 609 2945 τοῖν
619 2876 686 2946 ύπό
700 2879 852 2964 πλήθους
863 2882 1151 2966 μακαριζομένων·
1194 2886 1198 2955 J

139 2969 266 3060 ἡγεῖται
286 2969 322 3040 δὲ
342 2975 451 3041 πάντα
476 2981 581 3041 ταῦτα
606 2973 646 3043 τά
669 2976 817 3063 κτήματα
838 2975 979 3055 ούδενός
998 2977 1073 3059 ἄξια
1094 2977 1152 3044 καὶ
1196 3036 1198 3041 .

139 3068 226 3157 ἡμᾶς
242 3068 342 3138 οὐδὲν
359 3069 459 3158 εἶναι,
482 3076 589 3158 λέγων
605 3073 666 3161 μὲν
683 3073 741 3160 ού,
763 3072 1022 3162 είρωνευάμενος
1041 3077 1078 3143 δὲ
1095 3076 1152 3142 καλ

141 3172 265 3249 παίζων
280 3168 389 3237 πάντα
407 3169 467 3239 τὸν
483 3178 559 3258 βίον
575 3171 658 3260 πρὸς
673 3169 752 3250 τούς
773 3169 978 3256 ἀνθρώπους
999 3177 1150 3242 διατελεῖ.

141 3264 391 3348 σπουδάσαντος
408 3269 444 3337 δὲ
462 3267 568 3338 αύτού
583 3271 638 3338 καὶ
653 3269 867 3357 άυοιχθέντος
883 3270 946 3341 ούκ
964 3269 1039 3341 οἶδα
1057 3281 1091 3340 εί
1103 3297 1151 3351 τις

69 3360 98 3544 ἓ
139 3362 266 3448 ἱύρακε
281 3364 322 3432 τὰ
339 3366 432 3446 ἐντὸς
441 3363 629 3455 άχάλματα·
653 3365 726 3437 ἀλλ’
740 3366 805 3455 ἐγώ
816 3368 881 3458 ἤδη
892 3367 968 3440 ποτ’
981 3369 1084 3455 εἶδον,
1094 3375 1153 3438 καί
