2408 3780
101 214 133 269 6
418 146 735 275 266602166.
1021 214 1079 279 167

29 384 33 419 ἱ
98 390 147 433 ναι
162 368 260 439 πάντα
280 366 388 457 ἄνδρα
409 368 469 438 τὸν
484 369 609 456 Ἔρωτα
627 380 741 461 τιμῆν,
764 376 818 442 καὶ
835 373 935 455 αὐτὸς
946 385 1027 462 τιμῶ
1038 376 1077 443 τά

31 486 45 513 ⁴·
96 464 216 549 δρντιιια
225 469 281 535 καὶ
291 466 544 555 διαφεροντως
526 478 635 555 ασκῶ,
657 475 711 540 καὶ
727 486 795 551 τοϊς
811 472 1078 558 άλλοιςτταρακε-

98 562 229 651 λεάοραι,
250 570 306 635 καὶ
321 574 388 634 νῦν
404 593 438 635 τε
456 570 511 637 καλ
528 566 611 636 άελέ
595 569 835 654 ἐγκωμιάζω
799 596 861 656 την
872 571 1015 657 δύναμιι
1007 575 1078 641 καὶ

32 700 36 721 =
98 656 302 749 δυδρείαντοῦ
312 662 546 752 1”Ιδρωτοςτιαθ
563 662 756 746 ὅσονοῖόςτ
760 664 862 754 ἐίμί.
883 665 1116 739 τοῦτονοῦυο

92 756 145 829 τδν
158 756 319 885 λόγον,
291 791 318 833 ω
340 770 481 849 Φαῖδρε,
503 771 532 835 εί
552 765 612 852 μὲν
633 764 806 853 βούλει,’
784 793 828 845 ως
849 767 1010 854 ἐγκώμιον
1033 775 1078 848 είς

32 852 344 949 Ἐρυτιινάμισου
354 869 559 949 είρῆσθαι,ε
561 862 672 947 ίδέ,”
651 889 669 931 ο
683 890 712 931 τι
723 863 854 953 κιιὸτῃ
864 872 987 951 χαίρεις
999 864 1077 935 ὀνο-

32 952 470 1049 ράιων,τοῦτοόνόμαζε.

32 1090 38 1139 ;
158 1066 252 1129 XXX.
293 1062 457 1140 Εἰπόντος
469 1059 504 1129 δὲ
520 1067 623 1129 ταῦτα
640 1087 701 1129 του
686 1062 915 1149 Σωκράτους
926 1063 1006 1144 τούς
1017 1069 1077 1151 μὲν

89 1154 291 1246 ἐπαινεῖν,
255 1184 316 1227 τον
336 1156 398 1227 δὲ’
392 1159 608 1246 Αριστοφάνη
631 1162 738 1244 λέγειν
759 1189 789 1229 τι
812 1166 1000 1249 ἐπιχειρεῖν,
1028 1162 1077 1230 ὅτι

23 1266 35 1425 ῆ
86 1253 281 1345 6666666’
238 1267 344 1326 αυτοῦ
360 1255 498 1343 λέγων’
481 1285 499 1327 ο
517 1259 699 1346 Σωκράτης
715 1264 789 1348 περὶ
806 1288 867 1330 του
854 1264 1002 1348 ’·λόγου
1023 1265 1077 1330 καὶ

85 1354 272 1443 άτίφνης
235 1382 298 1445 την
309 1355 428 1424 αυλιον
438 1357 554 1441 θυραν
562 1365 771 1446 κροτομενην
779 1360 1003 1447 πολυνψογον
1013 1386 1077 1428 πα

23 1460 206 1559 ,·ρτσχεδν
225 1452 270 1533 ὥς
286 1462 487 1542 κωμαστῶν,
509 1457 564 1522 καλ
581 1454 777 1579 αὐλητρίδος
794 1458 912 1545 φωνῆν
929 1458 1073 1527 άκοάειν.

79 1546 207 1622 τδυοῦν
215 1550 552 1639 Ἀγάθωνα,Παϊδες,
565 1556 685 1639 φάναι,
699 1582 740 1623 ου
729 1555 933 1639 σκέψεσθε
925 1560 1004 1626 ·καδΙ
1015 1557 1112 1624 ἐάυΙ)

76 1656 192 1736 μάντις
202 1677 272 1720 των
281 1644 521 1739 ἐπιτηδειωνη,
539 1661 682 1721 καλεῖτε·
699 1660 729 1722 εί
740 1654 829 1722 δὲ’
785 1682 840 1741 μη,
852 1652 990 1740 λέγετε”
972 1681 1021 1722 οτι
1034 1654 1076 1723 06

75 1756 222 1838 πίνομεν,
245 1748 327 1820 άλλά
349 1748 590 1837 άναπαυόμεθα
607 1751 680 1839 ἥδη.
703 1756 758 1821 καὶ
773 1751 815 1821 06
831 1751 957 1821 πολὺ
934 1774 1075 1839 υστερον

68 1842 280 1936 Ἀλκιβιάδου
295 1846 358 1936 τῆν
375 1848 493 1936 φωνὴν
511 1847 649 1919 άκοάειν
667 1855 703 1920 ἐν
721 1858 761 1941 τῇ
771 1850 859 1940 αάλῆ
871 1853 1002 1939 σφόδρα
1016 1878 1075 1938 με·

74 1946 218 2026 δάοντος
227 1949 283 2015 καὶ
293 1947 376 2033 μέγα
388 1954 551 2035 βοῶντος,
567 1953 753 2033 ίρωταίυτος
764 1950 850 2020 ὅπου
859 1949 1011 2036 Ἀγάθων
1022 1952 1076 2018 καὶ

71 2044 268 2125 κελεύοντος
283 2044 378 2132 άγειν
394 2043 474 2132 παρ’
490 2044 674 2132 Ἀγάθωνα.
691 2049 786 2135 άγειν
799 2041 862 2117 066
872 2045 975 2116 αάτὸυ
986 2048 1075 2133 παρὰ

70 2152 159 2232 σφᾶς
180 2144 242 2230 τῆν
261 2169 296 2212 τε
313 2141 493 2231 αὐλητρίδα
511 2141 749 2235 ὑπολαβοῦσαν
770 2150 824 2215 καὶ
845 2146 966 2226 ἄλλους
984 2145 1076 2226 τινάς

68 2250 139 2311 τῶν
149 2239 367 2326 ἀκολούθων,
392 2244 447 2311 καλ
458 2248 626 2329 ἐπιστῆναι
637 2247 688 2313 ἐπὶ
701 2243 759 2324 τάς
768 2246 877 2329 θύρας
888 2249 1077 2331 ἑστεφανω·

69 2342 174 2428 μένον
190 2336 296 2407 αὐτὸν
311 2348 425 2409 κιττοῦ
442 2344 479 2409 τί
492 2369 556 2410 τινι
570 2344 724 2432 στεφάνῳ
742 2347 838 2411 δασεῖ
850 2344 903 2410 καὶ
921 2352 998 2425 ίων,
1020 2345 1075 2410 καὶ
1094 2362 1114 2411 Ε

66 2444 198 2518 ταινίας
211 2444 328 2524 ἔχοντα
345 2441 397 2509 ἐπὶ
406 2447 462 2528 τῆς
473 2449 617 2527 κεφαλῆς
628 2441 718 2508 πάνυ
729 2441 868 2524 πολλάς,
891 2440 945 2506 καὶ
957 2445 1075 2507 εἰπεῖν·

63 2540 218 2627 Ἄνδρες,
236 2538 377 2624 ’χαίρετε
398 2538 568 2625 μεθύοντα
579 2539 686 2626 ἄνδρα
697 2540 787 2609 πάνυ
798 2537 928 2624 σφόδρα
940 2541 1076 2618 δέξεσθε

68 2637 263 2725 συμπότην,
275 2630 456 2722 ῆάπίωμεν
468 2635 690 2723 άναδήσαντες
701 2635 1007 2725 μόνονἈγάθωνα,
1018 2635 1073 2724 ἐφ’

69 2728 338 2829 ᾧπερῆλθομενς
360 2735 499 2822 ἐγώράρ
511 2762 578 2823 τοι,
597 2737 714 2825 φάναι,
732 2737 812 2824 χθὲς
821 2742 882 2824 μὲν
893 2735 955 2823 οὐχ
966 2733 1074 2816 οἷόςτ’

68 2834 236 2923 ἐγενόμην
248 2830 444 2920 άφιιιέσθαι,
463 2841 527 2901 νῦν
544 2835 579 2904 δὲ
589 2834 659 2922 ἥκω
672 2839 723 2905 ίπδ
734 2843 776 2924 τῆ
786 2844 913 2925 κεφαλῇ
925 2841 1008 2920 ἔχων
1019 2832 1076 2910 τάς

68 2939 215 3018 ταινίας,
237 2934 293 3000 ἵνα
306 2927 370 3001 άπὸ
388 2941 446 3019 τῆς
462 2937 539 3020 ἐμῆς
556 2942 701 3021 κεφαλῆς
714 2933 777 3021 τῆν
797 2942 858 3002 τοῦ
880 2931 1076 3018 σοφωτάτου

69 3035 129 3101 καὶ
145 3037 324 3099 καλλίστου
341 3029 490 3117 κεφαλῆυ
512 3031 659 3100 άνειπάτυ
681 3031 801 3100 οὑτωσὶ
823 3031 988 3116 άναδῆσω.
1011 3021 1075 3112 άρα

72 3128 345 3217 καταγελάσεσθέ
353 3154 419 3215 μου
431 3127 476 3209 ὥς
486 3133 688 3216 μεθάοντοςς
701 3129 764 3215 ἐγω
777 3132 828 3213 δέ,
842 3128 906 3196 κάν
916 3125 1008 3213 ὑμεῖς
1019 3153 1076 3211 γε·

70 3236 162 3316 λάκε,
174 3227 264 3315 ὅμως
276 3218 316 3295 εὖ
325 3225 389 3295 οἶδ’
402 3226 453 3295 ὅτι
465 3226 576 3315 ἀληθῆ
586 3230 679 3314 λέγω.
691 3226 775 3295 άλλά
786 3252 841 3312 μοι
852 3230 961 3312 λε’γετε
972 3224 1074 3294 αὐτό·
1092 3234 1145 3289 21²

69 3338 154 3415 θεν,
166 3328 220 3396 66
229 3330 341 3415 ῆητολς
353 3333 441 3395 είσίω
453 3323 474 3414 6
484 3327 529 3415 μῆ
537 3357 547 3409 3
568 3331 752 3413 συμπίεσθε
766 3321 787 3413 6
799 3322 856 3408 οὕς
879 3325 1002 3406 πάντας
1012 3317 1077 3393 οὖν
1109 3358 1122 3471 ῆ

70 3425 330 3513 άναδορυβῆσαι
346 3429 401 3494 καὶ
417 3429 568 3496 κελεύειν
587 3429 723 3497 εἰσιέναι
738 3426 795 3496 καὶ
809 3432 1108 3501 κατακλίυεοωαι,
