2408 3780
157 139 220 204 356
525 144 794 202 ΙΠΠΑΡΧΟΣ.
931 229 936 234 ι
1127 149 1161 203 86

242 308 309 368 ΕΤ.
341 309 469 388 Ζημίαν
481 302 601 388 δήπου,
615 295 641 369 ὦ
653 300 847 388 Σώκρατες·
867 299 942 368 ἀντὶ
953 304 1163 368 δωδεκαστα-

159 409 235 470 σίου
245 402 310 487 γαρ
322 402 492 470 διστόσιον
502 399 592 490 αὐτῷ
604 409 800 470 καθίσταται
811 397 848 468 τό
861 406 1008 485 χρυσίον.

243 505 317 567 ΣΩ.
348 503 415 569 Καὶ
425 500 492 587 μὴν
504 503 607 568 πλέον
616 499 644 586 γ’
657 509 807 586 εἴληφεν·
835 495 857 584 ἢ
872 497 914 567 οὐ
931 501 1032 567 πλέον
1043 500 1112 567 ἐστὶ
1124 498 1160 566 τό

160 597 336 667 διπλάσιον
347 606 407 667 τοῦ
419 598 553 686 ἡμίσεος
560 631 570 685 3

244 705 313 766 ET.
348 697 432 766 Οὔιι
443 725 482 788 τῃ
470 696 568 788 όξίμ
578 725 616 784 γε
628 696 791 786 ἀργύριον
801 702 950 783 χρυσίον.

244 802 318 863 ΣΩ.
352 796 446 864 Aa.»
425 823 505 882 αρα,
518 794 563 877 ὡς
575 803 677 882 ἔοικε,
690 823 734 886 τρε
724 800 858 878 κέρδει
869 802 966 863 τοῦτο
978 809 1160 881 προσεῖναι,

159 894 221 980 τὴν
234 893 337 974 αξίαν.
370 903 436 963 νῦν
447 904 532 981 γοῦν
548 923 585 964 ιο
574 893 689 982 μέν’
669 895 833 983 αργόριον
844 889 976 963 νιλέον“
956 921 998 963 ον
1008 900 1069 961 τοῦ
1081 918 1162 980 χρυ-

160 1001 236 1062 σίου
248 991 288 1060 οό
300 991 364 1081 φὴς
375 992 509 1072 ἄξιον
479 1021 580 1079 ειναι,
602 1022 639 1063 το
629 993 695 1063 δὲ
711 1000 850 1080 χρυσίον
867 988 1036 1060 §nanos
1015 1018 1059 1060 ον
1069 992 1162 1072 αξιον

158 1090 327 1177 φῂςεῖναι.
383 1154 385 1159 .
426 1156 429 1161 .

106 1197 127 1248 Ε
242 1196 309 1256 ΕΤ.
341 1189 498 1275 Σφόδρα·
520 1196 583 1276 ἔχει
593 1190 657 1277 γὰρ
669 1190 782 1270 οὕτως.

242 1294 317 1357 ΣΩ.
353 1286 398 1356 Τό
409 1289 472 1377 μὲν
483 1290 576 1370 ἄξιον
587 1289 651 1374 ἄρα
661 1293 842 1375 κερδαλέον
852 1292 956 1372 ἐστίν,
968 1287 1028 1356 ἐόν
1038 1312 1075 1356 τε
1084 1308 1159 1374 σμι-

158 1386 242 1473 κρόν
252 1382 273 1476 ᾗ
285 1389 390 1457 ἐόντε
400 1393 501 1477 μέγα,
513 1389 549 1459 τὸ
563 1390 598 1459 δὲ
610 1388 750 1470 ἀνάξιον
760 1386 904 1475 ἀκερδές.

242 1493 310 1552 ET.
333 1493 411 1554 Ναί.

242 1590 316 1650 ΣΩ.
353 1585 398 1652 Τό
412 1586 447 1653 δὲ
458 1585 551 1666 ἄξιον
563 1590 666 1672 λέγεις
677 1585 771 1668 ἄξιον
783 1585 866 1656 εἶναι
877 1586 958 1656 ἄλλο
969 1581 1033 1675 τιῆ
1045 1594 1161 1675 κεκτῆ-

159 1694 256 1766 σθαις

241 1791 309 1852 ΕΤ.
342 1790 426 1869 Ναί,
445 1790 634 1871 κεκτῆσθαι.

242 1888 317 1950 ΣΩ.
342 1880 387 1948 Τό
408 1880 475 1951 δὲ’
460 1882 554 1962 ξιον
565 1910 608 1950 αν
596 1877 731 1969 λεγεις
741 1890 922 1971 κεκτησδαι
937 1909 975 1951 το
964 1880 1203 2001 ἀνωφελές

157 1973 227 2064 ἧτό
240 1979 425 2068 ὠφέλιμον;

241 2088 309 2152 ΕΤ
342 2079 386 2148 Τό
403 2077 700 2167 ωφέλιμονδήκον.

87 2187 141 2245 232
241 2186 316 2247 ΣΩ.
350 2177 487 2246 Οὐκονν
499 2204 535 2246 το
525 2177 719 2266 ὠφέλιμον
731 2176 864 2265 ἀγαθόν
878 2179 983 2259 ἐστιν;

240 2284 309 2346 ΕΤ.
342 2284 419 2346 Ναί.

242 2383 317 2444 ΣΩ.
352 2375 506 2462 Οὐκοῦν,
517 2369 545 2444 οδ
555 2375 766 2461 ἀνδρειότατε
776 2375 924 2460 πάντων,
936 2371 978 2443 οὐ
989 2371 1027 2443 τό
1040 2378 1158 2459 κερδα·

158 2476 235 2541 λέον
253 2472 385 2559 ἀγαθόν
404 2469 449 2542 αὖ
466 2475 567 2544 πόλιν
583 2469 729 2562 τρίτονῆ
739 2477 896 2561 τέταρτον
906 2470 978 2560 ἥκει
988 2469 1070 2559 ἡμῖν
1081 2470 1152 2559 ὁμο·

157 2574 381 2659 λογούμενον;

240 2679 309 2740 ΕΤ.
332 2672 473 2741 Ἔοικεν.

239 2776 316 2838 ΣΩ.
348 2770 582 2859 Μνημονεύεις
593 2763 667 2860 οὖν,
675 2769 760 2841 ὅθεν
770 2768 849 2859 ἡμῖν
856 2763 982 2848 οὗτοςὸ
995 2767 1097 2855 λόγος
1109 2768 1161 2853 γε’-
1178 2764 1182 2769 ’

157 2893 272 2954 γονεν;

239 2975 307 3036 ΕΤ.
342 2967 444 3055 Οἶμαί
452 2995 498 3055 γε.

239 3075 315 3136 ΣΩ.
345 3075 388 3137 El
406 3068 442 3138 δὲ
459 3068 523 3157 μή,
546 3067 612 3155 έγοό
628 3088 665 3136 σε
678 3065 874 3155 ὑπομνήσω.
906 3063 1162 3153 ήμφισβήτησός

155 3191 212 3250 μοι
222 3164 301 3246 τούς
312 3165 464 3252 οἷγαθοδς
474 3165 518 3255 μὴ
537 3168 646 3237 πάντα
661 3164 701 3235 τόι
721 3171 820 3255 κέρδη
834 3165 1017 3254 βούλεσθαι
1029 3167 1161 3249 αερδαί·

154 3290 237 3352 νειν,
249 3263 333 3333 ἀλλὰ
343 3273 411 3333 τῶν
423 3270 552 3354 κερδῶν
562 3265 710 3353 τάγαθά,
723 3264 761 3335 τοὶ
775 3265 810 3334 δὲ
821 3263 951 3354 πονηροὶ
962 3263 1019 3352 μή.

238 3370 307 3432 ΕΤ.
340 3370 449 3452 Ναίχι.
