2408 3780
145 158 209 222 262
503 155 791 214 ΠΛΑΤΩΝΟΣ
1104 163 1163 215 124-

147 321 183 386 ἓν
195 319 334 385 ἕκαστον
345 312 617 402 περιλαμβάνειν,
635 311 678 380 οδ
689 310 763 380 ποτ’
781 318 872 381 ἔσται
881 311 1029 398 τεχνικὸς
1040 313 1154 397 λόγων

146 419 220 500 πέρι
238 411 317 483 καθ’
336 410 418 482 ὅσον
436 411 582 480 δυνατὸν
598 409 776 500 ἀνθρώπῳ.
800 419 905 478 ταῦτα
915 415 951 480 δὲ
963 408 1004 479 οὐ
1015 409 1063 498 μή
1074 435 1153 479 ποτε
1191 444 1198 483 ·.

145 514 303 600 κτήσηται
325 509 407 579 ἀνευ
428 516 551 596 πολλῇς
570 514 807 594 πραγματείας·
829 505 873 593 ἢν
891 505 951 593 οὐχ
973 509 1070 576 ἕνεκα
1092 514 1154 576 τοῦ
1195 522 1198 551 ³

146 613 255 695 λέγειν
271 611 327 678 καὶ
344 608 499 693 πράττειν
520 604 604 694 πρὸς
625 605 830 692 ἀνθρώπους
850 611 903 674 δεῖ
919 610 1154 675 διαπονεῖσθαι

145 709 207 779 τὸν
218 709 389 795 σαόφρονα,
403 704 486 775 ἀλλά
496 713 556 774 τοῦ
567 716 659 784 θεοῖς
670 708 887 792 κεχαρισμένα
897 706 959 791 μὲν
970 707 1080 790 λέγειν
1091 705 1153 774 δά-
1184 760 1187 765 .

146 816 286 891 νασθαι,
309 806 551 892 κεχαρισμένως
568 807 603 870 δὲ
619 803 775 888 πράττειν
793 801 829 870 τὸ
845 811 917 870 πᾶν
933 809 979 883 είς
997 803 1152 891 δύναμιν.

147 903 188 972 οὐ
199 901 264 989 γάρ
276 901 315 988 δὴ
329 902 410 989 ἀρα,
429 894 456 970 ἀ
471 909 581 983 Τισία,
594 903 697 985 φασὶν
708 905 742 968 οί
751 902 935 986 σοφώτεροι
946 898 1059 988 ἡμῶν,
1071 900 1153 987 ὀμο-

77 1011 131 1073 θίί
146 1002 279 1080 δούλοις
297 1004 347 1067 δεῖ
360 1005 550 1086 χαρίζεσθαι
561 997 772 1088 μελετᾷντὸν
785 1007 871 1067 νοῦν
882 1005 1014 1087 ἔχοντα,
1027 999 1091 1069 ὅτι
1108 999 1151 1087 μὴ

117 1148 119 1152 ,
146 1099 331 1182 πάρεργον,
354 1095 438 1164 ἀλλά
461 1097 633 1176 δεσπόταις
654 1093 794 1181 ἀγαθοῖς
815 1123 849 1164 τε
870 1098 925 1164 καὶ
945 1099 978 1176 ἐξ
995 1095 1151 1181 ἀγαθῶν·

148 1191 225 1261 ὥστ’
246 1200 276 1261 εί
291 1192 432 1280 μακράἡ
451 1197 618 1277 περίοδος,
639 1193 683 1280 μὴ
702 1193 895 1283 θαυμάσῃς·
918 1192 1073 1279 μεγάίων
1088 1194 1152 1280 γάρ

39 1348 40 1352 ,
87 1373 92 1381 ι
147 1292 245 1359 ἕνεκα
262 1293 443 1375 περιιτέον,
465 1288 526 1375 οὐχ
545 1289 589 1371 ἀς
606 1289 650 1357 σά
666 1295 781 1369 δοκεῖς.
803 1296 892 1358 ἔσται
903 1290 986 1377 μήν,
1009 1288 1152 1370 ἀςὸλό-

146 1414 205 1474 γος
217 1395 301 1474 φησί
300 1415 335 1475 ν,
286 1389 415 1456 ίέάν
425 1415 474 1468 τις
489 1392 604 1476 ἐθέλῃ,
623 1390 792 1456 καὶταῦτα
803 1389 960 1456 αάίλιστα
971 1390 1004 1468 ἐξ
1016 1392 1153 1457 ἐκείνων

145 1486 333 1573 γιγνόμενα.

231 1590 321 1652 ΦΑΙ
350 1583 535 1670 Παγαάλως
547 1588 656 1671 ἔμοιγε
669 1588 761 1652 δοκεῖ
770 1589 944 1671 λέγεσθαι,
968 1610 994 1650 ω
982 1575 1150 1670 Σωκρα-

21 1712 24 1717 ·
146 1707 215 1766 τες,
228 1691 318 1765 ίπερ
331 1678 398 1762 οιος
410 1708 443 1749 τε
454 1710 503 1761 τις
515 1692 573 1768 εἰη

230 1785 304 1846 ΣΩ.
334 1778 431 1847 Ἀλλά
449 1782 504 1847 καὶ
525 1783 746 1867 ἐπιχειροῦντί
764 1805 814 1846 τοι
831 1794 898 1858 τοῖς
920 1787 1031 1859 καλοῖς
1047 1779 1152 1850 καλὸν

111 1899 128 1948 ss
146 1877 201 1943 καὶ
212 1876 350 1961 πάσχειν
360 1874 381 1942 ὅ
392 1903 422 1944 τι
432 1875 477 1944 ἀν
487 1903 532 1964 τῳ
545 1883 653 1966 ξνμβῇ
664 1887 795 1944 παθεῖν.

233 1980 321 2041 ΦΑΙ.
355 1977 420 2041 Καὶ
430 1974 527 2060 μάλα.

231 2079 306 2140 ΣΩ,
342 2068 528 2140 Οὐκοῦντό
547 2071 607 2157 μὲν
624 2075 737 2156 τέχνης
755 2097 790 2138 τε
807 2074 861 2139 καί
878 2069 1027 2158 ἀτεχνίας
1043 2073 1150 2159 λόγων

147 2172 221 2252 πέρι
234 2175 354 2248 ἱκανῶς
364 2171 469 2254 ἐχέτω.

231 2274 321 2334 ΦΑΙ
359 2274 401 2334 Τί
407 2267 489 2354 μήν·

231 2373 305 2434 ΣΩ.
340 2364 384 2434 Τὸ
409 2365 442 2434 δ’
464 2364 658 2453 εὐπρεπείας
673 2365 713 2454 δὴ
731 2375 863 2452 γραφῆς
881 2371 955 2451 πέρι
972 2369 1027 2434 καὶ
1048 2365 1151 2451 ἀπρε-

146 2473 255 2550 πείας,
280 2491 325 2551 πῃ
346 2467 547 2550 γιγνόμενον
565 2460 712 2543 καλως”
691 2492 735 2532 αν
751 2469 817 2550 ἔχοι
834 2464 927 2532 καὶ”
907 2490 973 2549 οπη
985 2462 1150 2551 ἀπρεπεῖς,

147 2561 310 2628 λοιπόνῧ
291 2561 402 2646 ηγάρ;

232 2663 321 2724 ΦΑΙ
356 2666 429 2726 Ναί.

230 2761 307 2821 LIX
349 2763 423 2823 ΣΩ
458 2755 559 2825 οίσθ’
580 2750 643 2825 οὖν
660 2755 724 2846 ὅπῃ
741 2757 881 2844 μαλιστα
893 2765 964 2824 θεω
980 2757 1150 2843 χαριεϊλό-

147 2877 217 2936 γων
229 2854 303 2933 πέρι
314 2855 498 2940 πράττωνγ
479 2882 499 2920 ν
487 2851 632 2940 ”λέγων;

232 2957 321 3018 ΦΑΙ.
357 2951 534 3072 Οὐδαμῶς
549 2973 592 3019 σν
581 2950 656 3032 δίς

110 3078 129 3127 c
230 3056 304 3119 Σέδ.
333 3048 496 3137 Ἀκοήνγ’
511 3056 572 3137 ἔγω
586 3057 694 3136 λέγειν
703 3059 771 3119 τῶν
782 3050 1012 3138 προτέρων,τό
1026 3052 1058 3119 δ’
1072 3051 1152 3140 ἀλη-

25 3232 30 3239 ,
146 3148 309 3226 θέςαάτοὶ
322 3159 441 3218 ίσασιν.
467 3152 542 3220 είδὲ
554 3158 653 3218 τοῦτο
666 3148 822 3235 εὕροιμεν
840 3149 950 3227 αάτοί,
973 3143 1038 3235 ἀρά
1057 3150 1090 3237 γ’
1110 3147 1150 3219 ἀν

146 3244 199 3311 ἔθ’
212 3244 291 3331 ἡμῖν
303 3251 394 3331 μέλοι
406 3257 514 3317 τιτῶν
525 3245 751 3335 ἀνθρωπίνων
766 3249 997 3336 δοξασμάτων;
