2408 3780
66 223 115 276 107
448 214 543 272 &EA
550 214 617 271 ΓΗ
619 216 654 272 Σ.
1014 209 1078 277 377

150 381 202 442 ΙΧ.
246 370 336 441 ΔΗ.’
352 364 391 440 Ὦ
406 371 600 457 Σώκρατες,
613 369 654 440 οῦ
666 375 780 459 μέντοι
793 379 903 452 κακοῖς
915 376 1013 459 λέγει,
1022 377 1077 442 καὶ

66 469 138 556 άμα
149 470 211 557 μὲν
222 472 293 556 ἐμοὶ
311 483 432 555 χαριεῖ·
456 467 501 547 οἱς
512 468 576 554 έγόι
589 467 652 538 οάιι
664 467 733 537 ἐσθ’
748 467 768 538 δ’
784 496 816 537 τι
832 469 955 538 τοῦτον
966 474 1077 556 μεῖξον

65 564 114 635 άν
124 568 262 653 ἕρμαιον
269 561 499 653 ἡγησαίμην,ἤ
510 570 542 634 εί
550 559 650 647 οὗτός
659 593 695 635 τε
707 564 880 653 ἀρέσκοιτο
891 575 932 657 τῇ
943 574 985 655 σῇ
994 588 1077 636 συν-

70 672 168 753 ουσίᾳ
180 666 235 733 καί
247 662 291 732 οὐ
303 667 432 744 ἐθέλοις
445 663 552 752 τούτῳ
567 679 725 733 συνεῖναι.
757 669 812 734 καί
827 670 940 753 μέντοι
957 665 1012 733 καὶ
1023 671 1076 734 αί·

70 764 231 849 σχῦνομαι
241 764 351 847 λέγειν
363 759 408 842 ὡς
419 762 552 848 σφόδρα
563 762 743 850 βούλομαι·
769 761 837 833 ἀλλ’
850 762 914 849 ἐγώ
927 759 1076 849 ἀμφοτέ-

69 886 139 943 ρων
156 856 400 949 ὑμῦνιδέομαι,
424 861 464 927 σέ
481 856 512 926 τ’
524 862 654 929 ἐθέλειν
669 860 777 949 τούτῳ
800 874 949 928 συνείναι
966 862 1021 928 καὶ
1038 860 1075 930 σδ

69 954 113 1043 μὴ
127 963 233 1044 ζητεῖν
244 956 334 1046 άλλη)
351 960 468 1045 μηδενλ
484 958 709 1044 συγγενέσθαι
725 954 944 1045 ἦΣωκράτει·
967 964 1024 1026 καί
1034 984 1074 1044 με

69 1062 202 1122 πολλῶν
213 1056 268 1123 καὶ
278 1063 435 1143 φοβερῦν
445 1053 646 1137 άπαλλάξετε
657 1062 856 1142 φροντίδων.
877 1053 922 1137 ὥς
932 1065 997 1125 νῦν
1008 1055 1075 1124 πά·
1098 1058 1123 1113 (ἶ

70 1179 113 1219 νυ
124 1158 295 1238 φοβοῦμαι
306 1150 390 1235 ὑπὲρ
401 1152 534 1238 τοῦτον,
548 1151 592 1239 μή
609 1177 675 1219 τινι
686 1150 776 1244 άλλη)
789 1154 907 1242 ἐντῦχη
923 1157 981 1245 οἴῳ
993 1160 1074 1223 τοῦ·

64 1254 339 1335 τονδιαφθείραι.
542 1263 544 1266 ’

156 1355 223 1416 ΘΕ.
254 1351 385 1434 Μηκέτι
403 1354 484 1430 νῦν,
513 1339 541 1414 οδ
559 1346 680 1433 πάτερ,
703 1344 787 1431 ὑπέρ
805 1346 833 1434 γ’
851 1353 935 1435 ἐμοῦ
952 1357 1073 1437 φοβοῦ,

71 1454 162 1531 εἴπερ
174 1442 243 1525 οἷός
255 1444 282 1514 τ’
294 1446 323 1514 εί
334 1460 442 1514 πεῖσαι
459 1453 581 1513 τοῦτον
595 1444 657 1532 την
673 1445 755 1532 έμην
772 1457 956 1515 συνουσίαν
972 1472 1075 1534 προς-

70 1546 237 1621 δέξασθαι.

153 1649 231 1709 ΔΗ.
263 1642 363 1710 Πάνυ
378 1647 487 1720 καλῶς
499 1644 611 1727 λέγεις.
645 1632 875 1728 οδΣοόκρατες,
898 1638 1028 1728 πρδςσὲ
1040 1636 1072 1708 δ’

71 1735 117 1807 άν
126 1739 191 1828 ἤδη
203 1750 252 1827 είη
264 1738 281 1808 ὁ
294 1739 376 1826 μετά
387 1747 488 1808 τοῦτο
500 1739 613 1825 λόγος·
635 1736 699 1825 ἐγόι
710 1740 775 1826 γάρ
794 1765 845 1806 τοι
856 1739 987 1825 ἕτοιμός
997 1744 1074 1826 εἰμι,

71 1834 116 1916 οἱς
128 1835 181 1905 διά
193 1840 342 1925 βραχέων
354 1843 473 1919 είπεῑν,
496 1838 550 1905 καί
569 1836 625 1923 ἐμὲ
642 1839 696 1904 καὶ
713 1835 753 1904 τά
763 1834 825 1921 ε’μά
838 1834 882 1915 ός
893 1833 1011 1905 οἷόντε
1024 1843 1075 1906 ol-

69 1935 221 2002 αειότατα
242 1936 412 2020 παρέχειν,
434 1931 516 2000 ότου
537 1929 581 2001 άν
601 1936 675 2022 δέη,
700 1938 863 2020 ἔμβραχυ,
886 1932 945 2002 ἐάν
963 1935 1073 2022 Θεάγη

73 2033 202 2098 τουτονὶ
214 2027 342 2117 άσπάζη
353 2055 387 2098 τε
398 2031 454 2098 καί
466 2027 669 2120 εὐεργετῇςό
679 2058 709 2099 τι
720 2027 764 2099 δν
775 2027 845 2112 οἷός
856 2057 891 2100 τε
901 2025 950 2122 ᾗς.
1094 2039 1116 2089 1)

156 2135 194 2196 Χ.
238 2135 312 2197 Σίδ.
343 2119 586 2215 ὮΛημόδοκε,
608 2125 645 2196 τό
658 2128 720 2213 μὲν
730 2131 972 2197 ἐσπουδακέναι
983 2149 1020 2196 σε
1032 2128 1074 2196 οὐ

70 2227 241 2312 θαυμάζω,
254 2236 346 2313 είπερ
358 2235 421 2294 οίει
431 2223 484 2293 ὑπ’
499 2230 581 2312 ἐμοῦ
592 2222 717 2310 μάλιστ’
732 2225 776 2293 άν
787 2245 840 2294 σοι
851 2234 973 2295 τοῦτον
984 2225 1075 2311 ὠφε-

69 2331 230 2411 ληθῆναι·
249 2322 290 2390 οὐ
306 2323 371 2409 γάρ
388 2323 461 2393 οἶδα
478 2322 563 2411 ὑπὲρ
580 2322 661 2392 ὅτου
678 2322 721 2392 άν
732 2351 781 2405 τις
796 2333 882 2394 νοῦν
893 2330 977 2411 ἔχων
987 2332 1074 2411 μάλ-

68 2431 130 2490 λον
151 2422 331 2503 σπουδάζοι
346 2417 369 2508 ἦ
379 2420 464 2508 ὑπὲρ
475 2426 564 2501 υίέος
581 2420 704 2509 αὑτοῦ,
730 2423 820 2504 όιτως
842 2421 887 2502 ὦς
906 2426 1074 2512 βέλτιστος

69 2525 176 2587 ἔσται’
199 2517 329 2588 ὁπόθεν
341 2520 376 2588 δὲ
388 2523 481 2600 ἔδοξέ
490 2541 544 2589 σοι
554 2529 670 2604 τοῦτο,
685 2516 728 2600 ὡς
742 2522 806 2606 ἐγώ
818 2518 862 2590 άν
872 2529 1001 2608 μάλλον
1011 2522 1073 2589 τόν

71 2617 132 2684 σὸν
149 2614 226 2684 νίὸν
243 2615 313 2697 οἷός
329 2644 364 2686 τε
383 2611 427 2704 ἦν
447 2616 616 2704 ὠφελῆσαι
632 2616 716 2703 πρὸς
732 2617 769 2686 τό
789 2626 927 2706 πολίτην
939 2616 1072 2705 άγαθὸν

68 2717 227 2799 γενέσθαι
244 2711 266 2801 ἢ
283 2713 327 2782 σι)
344 2717 461 2803 αὐτός,
486 2720 540 2785 καὶ
557 2713 688 2787 ὁπόθεν
700 2709 798 2797 οὗτος
810 2716 907 2809 βάθη
918 2720 975 2804 ἐμὲ
985 2724 1072 2803 μάλ-

67 2823 128 2883 λον
138 2810 160 2900 η’
172 2815 208 2882 σὲ
220 2812 324 2881 αὐτὸν
335 2811 537 2902 ὠφελήσειν,
549 2806 647 2883 τοῦτο
659 2815 750 2883 ποίοιν
759 2817 930 2902 θαυμάζοι.
954 2816 997 2883 σὺ
1007 2814 1071 2900 γάρ

68 2920 202 2995 πρῶτον
212 2912 274 3000 μὲν
284 2913 507 3001 πρεσβύτερος
519 2912 549 2981 εἰ
557 2915 655 3000 ἐμοῦ,
676 2919 787 2981 ἔπειτα
799 2912 923 2992 πολλάς
934 2912 998 3000 ἤδη
1009 2911 1111 2995 άρ-ιε

66 3009 126 3095 χοὶς
137 3013 191 3080 καὶ
202 3009 260 3091 τάς
271 3017 423 3098 μεγίστας
432 3009 619 3099 Ἀθηναίοις
630 3005 741 3100 ἦρξας,
750 3014 890 3100 ααὶτιμηῖ
901 3009 967 3079 ὑπὸ
976 3009 1072 3079 Ἀνα-

69 3115 239 3192 γυρασίων
250 3135 284 3176 τε
295 3117 364 3177 τῶν
376 3115 530 3196 δημοτῶν
541 3106 629 3178 πολὺ
640 3110 782 3195 μάλιστα
793 3112 848 3177 καί
865 3105 930 3176 ὑπὸ
942 3117 1000 3196 τῆς
1012 3109 1074 3175 άλ-

67 3213 126 3289 λης
138 3207 264 3284 πόλεως
281 3205 421 3286 οὐδενὸς
436 3199 553 3293 ἧττον·
573 3208 644 3293 ἐμοὶ
662 3209 697 3274 δὲ
715 3206 845 3276 τούτων
862 3203 961 3275 οὐδὲν
972 3209 1073 3294 ἐνορᾷ

67 3304 240 3388 οὐδέτερος
251 3301 357 3388 ὑμῶν.
371 3311 480 3375 ἔπειτα
490 3312 522 3375 εί
529 3305 594 3392 άρα
604 3315 661 3394 τῆς
670 3307 731 3392 μὲν
741 3315 809 3375 τιον
820 3311 1000 3375 πολιτικῶν
1011 3301 1073 3371 άν-

68 3405 158 3484 δρολν
169 3407 350 3481 συνουσίας
361 3403 491 3490 Θεάγης
502 3403 559 3472 ὅδε
571 3417 785 3490 καταφρονεῖ,
799 3404 921 3480 άλλους
934 3404 973 3468 δέ
981 3427 1077 3474 τινας
1135 3469 1138 3473 .
