2408 3780
64 172 100 226 5⁵
416 162 736 221 ΣΤΜΠΟΣΙΟΝ.
1014 160 1073 222 193

68 349 124 409 μοι
145 328 257 406 ἐδοξεν
275 320 363 392 οὕτω
383 332 460 392 θεῖα
477 326 531 392 καὶ
547 330 655 408 χρυσᾶ
672 319 827 389 εἶναικαὶ
849 321 1000 406 πάγκαλα
1022 325 1076 390 καὶ
1093 328 1142 385 21⁷

43 470 46 479 ·
70 423 264 509 θαυμαστά,
287 421 370 490 ὥστε
393 424 547 509 ποιητέον
563 420 647 488 εἶναι
664 422 701 487 ἐν
719 416 869 505 βραχεῑό
892 445 924 486 τι
945 423 1076 489 κελεύοι

73 520 260 607 Σωκράτης.
281 516 467 607 ἡγούμενος
484 520 520 588 δὲ
536 515 640 586 αύτόν
651 521 891 586 ἐσπουδακέναι
901 520 952 586 ἐπὶ
962 525 1003 606 τῇ
1014 522 1075 606 ἐμῇ

43 614 142 737 W?
157 619 295 705 ἕρμαιον
310 616 487 705 ἡγησάμην
503 616 588 685 εἶναι
606 619 660 684 καὶ
671 614 838 703 εὐτύχημα
849 615 930 703 έμδν
940 626 1075 702 θαυμα-

44 714 162 835 Ι,στόν,
176 740 221 795 ας
231 712 384 801 υπαρχον
392 740 449 802 μοι
459 716 666 802 χαρισαμένου
677 714 849 798 Σωκρατει
860 740 946 782 παντ
972 714 1076 782 ἀκού·

44 828 129 915 2⁶²²
137 809 262 897 ὅσαπερ
274 803 372 890 ούτος
381 810 471 899 ᾔδει
483 809 700 898 ἐφρόνουν
661 836 725 895 γαρ
738 810 779 898 δὴ
789 814 894 880 ἐπὶ
853 839 892 901 τη
905 811 975 900 ύρᾳ
988 822 1076 879 θαυ-

44 904 191 1005 δρόσων
202 910 294 980 ὅσον.
312 918 416 979 ταῦτα
428 904 491 980 οὖν
503 916 708 998 διανοηθείς,
726 911 791 997 πρὸ
802 920 864 980 τοῦ
876 910 938 980 ούκ
949 913 1077 991 εἰωθὼς

44 1034 155 1079 ανευ
169 1009 364 1080 ἀκολούθου
379 1011 483 1097 μόνος
499 1007 571 1096 μετ’
584 1007 689 1077 αύτου
674 1016 892 1096 ’γέγνεσθαι,
909 1011 982 1078 τότε
992 1009 1076 1079 ἀπο-

44 1080 264 1199 ·,·-ιιέμιιων
229 1134 290 1177 τον
315 1106 509 1177 ἀκόλουθον
536 1107 639 1195 μόνος
662 1108 916 1195 συνεγιγνόμην.
941 1114 993 1177 δεῖ
1011 1111 1113 1194 γὰρΒ

44 1214 62 1359 η,
88 1204 156 1293 πρός
175 1205 261 1294 ὑμᾶς
282 1206 391 1274 πάντα
411 1205 541 1291 τάληθῆ
568 1211 688 1273 εέ·πεσν
716 1204 799 1273 αλλὰ
824 1206 1051 1292 προσέχετε
1018 1233 1076 1275 τον

89 1311 175 1391 νοῦν,
190 1304 476 1391 καὶεέυεύδομαι,
495 1304 687 1388 Σώκρατες,
706 1305 858 1390 ἐξέλεγχε.
880 1306 1076 1391 συνεγιγνό-

44 1374 64 1581 ἓ
90 1426 141 1487 μην
150 1429 229 1489 γαρ,
252 1429 278 1470 οι
266 1395 427 1489 ἄνδρες,
450 1402 553 1488 μόνος
568 1401 678 1489 μόνῳ,
701 1401 796 1470 καὶ”
768 1429 863 1491 ηιμην
875 1401 992 1469 αὐτίκα
1004 1408 1075 1470 δια-

90 1499 277 1579 λέξεσθαι’
234 1500 340 1569 αυτόν
351 1527 408 1587 μοι
424 1499 508 1586 ἅπερ
526 1495 570 1567 όν
586 1497 725 1586 ἐραστης
739 1505 901 1579 παιδικοῖς
911 1503 975 1568 ἐν’
959 1507 1076 1586 ερημιᾳ

57 1598 275 1687 διαλεχθείη,
288 1601 343 1668 καὶ
361 1605 501 1686 ἔχαιρον.
513 1597 686 1666 τούτωνδ’
705 1624 746 1665 ου
736 1596 847 1684 ’μύλα
858 1602 910 1684 ἐγέ
907 1624 1003 1684 γνετο
1016 1597 1076 1665 ού-

66 1696 149 1783 δέν,
167 1694 239 1766 αλλ’
265 1696 377 1782 ὥσπερ
396 1722 411 1764 ε
413 1696 509 1764 ωθει
526 1694 749 1782 διαλεχθεὶς”
727 1723 769 1763 αν
785 1722 841 1782 μοι
858 1699 913 1763 καὶ
932 1718 1077 1782 συνημε-

56 1784 66 1833 ·.·
92 1792 193 1875 ριόσας
205 1793 306 1884 ᾤχετο
325 1793 441 1862 ἀπιών.
465 1820 545 1880 μετα
557 1802 660 1861 ταῦτα
673 1795 960 1881 ξυγγυμνύζεσθαι
971 1793 1076 1880 πρού-

54 1946 57 1951 .
58 1890 245 1979 ιαλούμην
266 1890 371 1960 αύτόν
390 1895 446 1961 καὶ
470 1892 782 1979 συνεγυμναζόμην,
807 1892 851 1973 όές
872 1921 903 1961 τι
927 1894 1114 1963 ἐνταῦθαῦ

91 1998 236 2075 τερανῶν.
262 1991 525 2078 συνεγυμνάζετο
543 1984 607 2058 ούν
624 2017 679 2077 μοι
696 1995 750 2058 καὶ
761 1992 983 2077 προσεπόλαιε
995 2002 1077 2060 πολ-

45 2086 167 2179 ,λόκις
181 2087 321 2169 οὐδενός
331 2091 511 2173 παρόντος·
525 2094 579 2159 καὶ
590 2117 621 2158 τι
616 2095 686 2158 δει
696 2093 821 2176 λέγειν;
833 2087 933 2159 ούδεν
944 2091 1009 2177 γάρ
1021 2117 1077 2177 μοι

58 2181 210 2254 .Ιλέον
186 2214 240 2275 ην
251 2186 363 2274 ,ἐπειδη
376 2190 411 2256 δὲ
422 2188 553 2308 οὐδαμηῖ
563 2189 667 2276 ταύτη
678 2215 821 2275 ηνυτον,
838 2191 930 2270 ἔδοξέ
939 2216 995 2309 μοι
1006 2194 1077 2256 ἐπι-

59 2286 191 2354 θετέον
202 2285 287 2353 εἶναι
296 2312 342 2375 τςο
331 2285 452 2372 ἀνδρὶ
464 2285 546 2355 κατὰ
565 2286 601 2355 τό
613 2286 779 2370 καρτερὸν
789 2286 895 2355 καὶ’
855 2313 918 2354 ονκ
929 2286 1076 2367 ἀνετέον,

46 2380 246 2495 ,ἐσειδηπερ
259 2385 484 2473 ἐγκεχειρηιιη,
508 2383 622 2453 αλλαέ
621 2388 717 2453 στέον
729 2384 792 2472 ηδη
803 2412 834 2452 τι
829 2384 957 2453 ’“ἐστι
923 2411 960 2452 το
973 2393 1080 2500 πρᾶγ-

46 2428 130 2561 ἐρα.
141 2489 370 2568 προκαλοῦμαι
381 2481 421 2567 δη
434 2480 538 2550 αύτόν
550 2483 633 2567 πρὸς
643 2509 680 2549 το
671 2479 955 2549 συνδειπνεῐν’
913 2487 1078 2566 ,ατεχνῶς

46 2568 185 2665 δ’σπερ
197 2577 336 2664 ἐραστης
344 2584 508 2659 παιδικοῖς
516 2579 753 2666 ἐπιβουλεύων.
763 2586 822 2648 καί
826 2605 883 2666 μοι
893 2577 972 2648 ουδε
980 2605 1077 2647 τουτο
1094 2585 1115 2633 Ι)

84 2700 154 2761 ταχυ
165 2675 376 2765 ὑπήκουσεν,
397 2677 487 2765 ὅμως
505 2677 537 2745 δ’
552 2672 616 2747 ούν
626 2679 736 2804 ηρόνηι
749 2682 820 2746 ἐπεί
807 2686 896 2764 έσ.δη
918 2675 1029 2762 ἐπειδὴ
1043 2676 1078 2743 δε

80 2770 255 2861 δφέιιετο
220 2803 258 2846 το
269 2787 403 2864 πρῶτον
410 2831 420 2865 ,
433 2778 640 2867 δειπνησας’
622 2784 753 2848 απιέναι
764 2779 929 2866 ἐβούλετο.
940 2778 1042 2846 καὶ’
1006 2802 1078 2846 τοτε

76 2878 132 2961 μὲν
142 2878 383 2964 αἰσχυνόμενος
393 2876 507 2964 ἀφῆκα
519 2877 639 2946 αὐτόν·
662 2871 764 2958 αὖθις
776 2878 812 2946 δὲ
829 2874 1077 2965 ἐπιβουλεύσας,

74 2973 182 3063 ἐπειδὴ
193 2977 434 3064 ἐδεδειπνήκει,
447 2979 642 3065 διελεγόμην
653 2977 768 3063 πόρρω
779 2982 848 3044 τοῖν
858 2981 1008 3058 νυκτῶν,
1024 2975 1078 3039 καὶ

71 3075 182 3162 ἐπειδὴ
193 3074 347 3162 ἐβούλετο
359 3075 501 3160 ἀπιέναι,
513 3076 738 3164 σκηπτόμενος
748 3074 799 3142 ότι
809 3071 870 3153 ὀψὲ
880 3081 940 3156 ελη,
952 3090 1079 3156 προση-

70 3173 221 3261 νάγκασα
231 3172 338 3244 αὐτόν
348 3180 469 3263 μένειν.
483 3174 666 3244 ἀνεπαύετο
678 3168 742 3242 ούν
751 3177 787 3241 ἐν
797 3179 837 3261 τῇ
850 3174 986 3258 ἐχομένη
997 3171 1079 3255 ἐμοῦ

67 3283 184 3366 κλίνη,
204 3277 242 3343 ἐν
253 3266 340 3363 ᾗπερ
352 3277 510 3361 ἐδείπνει,
528 3277 583 3343 καὶ
594 3273 703 3352 οὐδεὶς
714 3276 751 3342 ἐν
761 3280 807 3363 τῷ
818 3270 970 3358 οἰκήματι
980 3266 1079 3346 ἄλλος

65 3370 279 3463 καδηύδενῆ
290 3372 392 3462 ἡμεῖς.
416 3377 509 3462 μέχρι
519 3376 580 3461 μὲν
592 3366 655 3442 ούν
667 3370 706 3460 δη
720 3377 819 3458 δεῦρο
830 3377 891 3440 τοῦ
902 3371 1005 3456 λόγου
1016 3396 1076 3436 κοι-
1096 3372 1117 3422 Ε

155 3472 249 3527 Puro
265 3472 297 3527 Π.
905 3470 945 3523 KQ
