2408 3780
65 186 84 239 3
417 186 736 246 ΣΤΜΠΟΣΙΟΝ.
1016 191 1074 255 141

67 340 130 409 τόν
146 367 181 410 τε
199 354 393 428 κακηγορεϊς
409 346 460 408 καί
479 340 558 420 τοὺς
574 342 710 430 άλλους,
734 352 786 415 καὶ
804 353 911 428 δοκεῖς
927 377 981 436 μοι
1001 351 1076 419 α’τε-

67 446 156 525 χνάς
176 440 303 519 πάντας
324 438 465 518 ἀθλίους
485 437 639 559 ἡγεῖσθαι
661 441 749 530 πλήν
766 448 986 534 Σωκράτους,
1009 449 1073 518 άπό

68 545 198 606 σαυτοῦ
215 537 407 624 ἀρξάμενος.
439 540 492 607 καλ
505 536 634 607 ὁπόθεν
645 540 724 609 ποτὲ
735 544 861 630 ταύτην
872 544 934 631 τήν
945 551 1075 616 ἐπωνυ-

67 642 149 722 μίαν
165 633 330 723 ἔλαβες
294 661 332 702 το
350 635 489 720 μανικὸς
507 646 698 722 καλεῖσθαι,
723 639 784 710 οὐκ
802 642 875 711 οἶδα
899 652 1016 770 ἔγωγε
1039 655 1076 716 ἐν

67 733 206 819 μὲνγαρ
217 733 406 818 τοίςλογοις
417 731 467 801 αελ
478 759 628 815 τοιουτος
638 735 680 804 ει
702 749 815 807 σαυτω
826 767 861 808 τε
871 743 926 810 και
936 759 1004 822 τοις
1015 744 1075 814 αλ

66 829 168 911 λοις’
150 839 331 920 αγριαίνεις
341 829 429 919 πλήν
438 833 651 916 Σωκράτους.

153 938 287 999 ΑΠΟΛ.
318 924 359 998 Ω
375 938 525 1017 φίλτατε,
547 935 600 1000 καλ
619 935 721 1019 δῆλόν
738 962 775 1021 γε
787 936 890 1023 δήὸτι
901 939 988 1008 οὕτω
1001 947 1073 1008 δια·
1093 957 1113 1006 Ε

64 1029 252 1116 νοούμενος
268 1029 323 1097 καὶ
339 1030 413 1114 περὶ
431 1031 575 1114 ἐμαυτοῦ
591 1035 644 1100 καὶ
662 1037 736 1120 περὶ
747 1032 841 1122 ὑμῶν
852 1045 1006 1125 μαίνομαι
1020 1044 1074 1108 καὶ

64 1135 254 1213 παραπαίω.

151 1234 272 1296 ΕΤΑΙ
308 1224 380 1294 Ουκ
392 1224 487 1306 αξιον
497 1231 571 1313 περὶ
582 1255 727 1319 τουτων,
747 1230 989 1351 Ἀπολλόδωρε,
1008 1245 1073 1304 νῦν

65 1329 201 1411 ἐρίζειν·
235 1322 309 1393 ἀλλ’
334 1322 416 1411 όπερ
438 1326 600 1412 ἐδεόμεθα
622 1349 701 1416 σου,
726 1329 771 1416 μή
795 1328 902 1413 άλλως
922 1336 1071 1423 ποιήσῃς,

64 1421 150 1493 ἀλλὰ
163 1424 331 1512 διήγησαι,
344 1431 431 1502 τίνες
444 1417 531 1510 ἦσαν
541 1428 577 1492 οί
584 1426 686 1511 λόγοι.

152 1531 286 1592 ΑΠΟΛ
317 1517 421 1592 Ησαν
432 1532 550 1592 τοινυν
560 1528 679 1593 ἐκεινοι
690 1534 775 1594 τοιο
761 1532 809 1594 δε
820 1555 922 1609 τινες·
946 1538 1072 1615 μᾶλλον

66 1620 98 1690 δ’
112 1621 177 1703 ἐξ’
158 1631 260 1710 αρχῆς
270 1619 365 1709 ὑμῖν,
378 1620 422 1702 ὡς
433 1625 552 1701 ἐκεῖνος
566 1627 724 1710 διηγεῖτο,
736 1629 789 1692 καὶ
802 1624 865 1712 ἐγιέ
879 1630 1075 1716 πειράσομαι
1092 1643 1142 1702 174

65 1723 297 1809 διηγήσασθαι.

150 1828 185 1888 11.
221 1819 308 1907 Ἔφη
328 1816 392 1906 γάρ
415 1825 450 1889 οί
463 1821 625 1907 Σωκράτη
647 1825 794 1906 ἐντυχεῖν
815 1829 1016 1911 λελουμένον
1038 1855 1072 1896 τε

64 1923 120 1988 καὶ
130 1918 190 2000 τάς
202 1919 348 2008 βλαύτας
359 1919 620 2008 ὑποδεδεμένον,
633 1916 653 1986 ἃ
665 1923 787 2000 ἐκεῖνος
799 1919 944 2008 ὀλιγάκις
955 1930 1071 1994 ἐποίει·

63 2021 120 2086 καὶ
133 2020 269 2101 ἐρέσθαι
281 2018 385 2088 αὐτόν
397 2019 474 2089 ὅποι
485 2031 530 2090 λοι
542 2017 630 2088 οὕτω
642 2016 742 2097 καλός
757 2026 983 2108 γεγενημένος.
1018 2029 1072 2094 καὶ

64 2117 125 2186 τόν
144 2124 250 2186 εἰπεῖν
266 2118 393 2188 ότιἘπὶ
411 2124 547 2189 δεῖπνον
558 2125 603 2196 είς
611 2115 811 2203 Ἀγάθωνος.
846 2121 924 2206 χθὲς
935 2120 999 2209 γάρ
1011 2122 1073 2190 αό-

65 2215 128 2284 τόν
141 2221 300 2303 διέφυγον
310 2232 378 2298 τοϊς
390 2222 575 2301 ἐπινικίοις,
598 2219 760 2304 φοβηθείς
771 2218 831 2287 τόν
842 2219 957 2306 όχλον·
983 2221 1072 2309 οὸμο-

64 2317 192 2403 λόγησα
209 2315 240 2384 δ’
261 2324 306 2395 εἰς
322 2319 467 2404 τήμερον
478 2320 690 2400 παρέσεσθαι.
723 2327 826 2384 ταῦτα
837 2317 876 2405 δή
891 2323 1072 2388 ἐκαλλωπι-

66 2415 195 2502 σάμην,
206 2420 262 2484 ἵνα
273 2423 373 2494 καλός
384 2442 472 2501 παρα
485 2411 590 2482 καλόν
601 2422 649 2480 ίω.
683 2410 766 2480 ἀλλὰ
778 2415 838 2499 σύ,
856 2409 879 2500 ή
892 2413 923 2480 δ’
938 2415 990 2502 ός,
1003 2426 1073 2498 πῶς

64 2519 148 2599 ἔχεις
158 2514 241 2598 πρὸς
252 2513 288 2582 τό
301 2516 430 2581 ἐθέλειν
442 2509 486 2579 άν
498 2515 581 2580 ίέναι
593 2510 732 2597 ἄκλητος
742 2514 794 2580 ἐπὶ
805 2517 956 2597 δείπνον;
968 2513 1070 2601 κάγά,
1088 2530 1108 2580 Β

64 2617 145 2699 ἐφη,
169 2610 262 2679 εἶπον
281 2611 331 2680 ότι
344 2611 461 2692 Οὕτως
478 2607 567 2689 ὅπως
585 2605 628 2677 άν
647 2607 690 2677 σύ
708 2611 852 2701 κελεόης.
878 2610 983 2682 Ἕπου
1004 2623 1073 2683 τοί-

64 2735 146 2794 νυν,
160 2714 272 2796 ἐφη,“
257 2736 312 2778 ινα
323 2708 424 2777 καὶ
388 2738 449 2797 την
461 2714 639 2795 παροιμίαν
649 2712 898 2798 διαφθείρωμεν
909 2715 1073 2802 μεταβάλ-

65 2806 243 2895 λοντες,
219 2836 264 2888 ως
280 2808 344 2894 άρα
360 2811 415 2877 καί
430 2807 571 2894 άγαθιίν
588 2810 640 2875 ἐπὶ
659 2812 770 2888 δαίτας
785 2819 876 2877 λἀσιν
893 2808 1133 2898 αὐτόματοι
1141 2876 1144 2881 .

66 2905 198 2992 άγαθοί.
226 2907 370 3035 ’Όμηρος
387 2910 448 2995 μέν
452 2905 524 2994 γάρ
541 2907 786 2976 κινδυνεύει’
747 2935 789 2977 ου
799 2909 905 2997 μόνον
916 2915 1124 2997 διαφθείι
1115 2898 1144 2967 δι’

67 3033 122 3088 ραι
140 3004 225 3075 άλλά
243 3035 298 3076 και
287 3005 484 3093 όβρίσαιεί
484 3033 635 3094 ςταυτην
644 3035 706 3095 την
717 3017 911 3095 παροιμίαν·
934 3010 1089 3095 ποιήσας

66 3101 130 3191 γάρ
149 3103 209 3172 τόν
216 3103 442 3193 Ἀγαμέμνονα
460 3107 683 3193 διαφερόντως
695 3106 828 3193 άγαθόν
839 3106 993 3194 άνδρα
956 3133 996 3174 τα
1009 3130 1074 3175 ποε-

68 3203 200 3290 λεμικά,
223 3203 283 3272 τόν
298 3206 333 3274 δέ
350 3211 530 3274 Μενέλεων
551 3201 728 3291 μαλθακόν
749 3204 925 3292 αἰχμητήν,
945 3211 1032 3274 θυσί
1069 3206 1075 3215 ’

70 3306 273 3389 ποιουμένου
300 3305 354 3372 καὶ
382 3307 554 3384 ἐστιῶντος
582 3312 643 3373 τοῦ
662 3301 903 3389 Ἀγαμέμνονος
929 3302 1051 3390 όίκλητο

68 3402 221 3488 ἐποίησεν
237 3403 381 3470 ἐλθόντα
399 3401 458 3470 τόν
470 3405 648 3472 Μενέλεων
666 3404 717 3472 ἐπὶ
734 3400 797 3492 τήν
814 3409 962 3489 θοίνην,
977 3411 1092 3486 ηείοω-
