2408 3780
449 151 686 209 οιπποοει
895 224 898 229 ,
1024 150 1065 212 ω

54 309 380 398 προσρηθησόμενον
391 306 504 394 ὀρθῶς
512 309 649 395 ἀμεινον
659 307 783 396 ἡδονῆς
792 336 830 396 γε
841 308 973 396 ἀγαθόν
982 312 1065 381 εἶναι

53 418 156 493 νοῦν,
170 407 352 494 ἐπιστήμην
359 459 368 491 ,
381 407 535 495 σύνεσιν,
548 409 682 494 τέχνην,
694 411 748 475 καὶ
759 408 868 476 πάντα
879 403 924 477 αὖ
934 411 973 477 τά
986 411 1065 479 τού-

53 534 121 576 των
139 514 298 595 ξυγγενῆ,
320 503 500 575 ἀκτάσθαι
514 510 600 592 δεῖν,
619 504 693 575 ἀλλ’
713 505 785 592 οόχὶ
798 509 915 575 έκεῖνο.
937 508 1066 577 τούτων

56 603 95 693 δὴ
113 602 188 693 μετ’
210 603 486 692 ἀμφισβητήσεως
507 607 671 688 ἑκατέρων
692 608 881 692 λεχθέντων
900 604 993 694 ἡμεῖς
1014 632 1065 677 σοι

54 702 136 790 μετά
153 708 285 783 παιδιάς
301 701 542 792 ήπειλήσαμεν,
562 702 606 784 ἀς
621 700 684 772 οὐκ
698 702 871 792 ἀφήσομεν
888 710 1004 775 οίκαδέ
1018 727 1064 793 σε,

54 804 136 887 πρὶν
147 795 193 869 ἀν
200 801 331 870 τούτων
339 810 408 869 των
417 804 528 887 λόγων
536 808 636 888 πέρας
646 801 765 870 ίκανόν
772 807 910 891 γένηταί
916 831 947 872 τι
959 809 1064 888 διορι-
1081 814 1101 863 Ε

58 903 218 970 σθέντων.
241 899 284 967 σύ
302 899 342 986 δὴ
360 900 593 988 συνεχόρησας
609 905 664 969 καλ
680 906 804 981 ἔδωκας
816 908 862 982 είς
872 902 974 971 ταῦθ’
985 902 1066 991 ἡμῖν

60 999 195 1084 σαυτόν,
208 997 301 1085 ἡμεῖς
312 1000 347 1068 δὲ
359 997 399 1087 δὴ
412 1004 566 1087 λέγομεν,
580 999 734 1085 καθάπερ
746 1004 781 1067 οί
789 1005 917 1085 παῖδες,
936 1001 987 1070 ότι
997 1011 1065 1070 τῶν

55 1098 168 1183 ὀρθῶς
180 1102 351 1166 δοθέντων
363 1096 537 1183 ἀφαίρεσις
548 1096 610 1168 οὐκ
621 1105 703 1168 ἔστι·
726 1106 851 1166 παῦσαι
863 1099 903 1187 δή
915 1100 975 1169 τόν
985 1103 1065 1187 τρό-

54 1223 118 1266 πον
133 1195 213 1284 ἡμῖν
225 1195 383 1266 ἀπαντῶν
393 1205 514 1266 τοῦτον
525 1200 577 1267 ἐπὶ
587 1198 627 1266 τά
639 1205 704 1266 νῦν
716 1199 887 1286 λεγόμενα.

137 1302 214 1364 Σίδ.
250 1303 332 1363 Τίνα
346 1301 467 1382 λέγεις;

139 1401 241 1462 Hm.
275 1401 334 1474 Είς
352 1393 496 1479 ἀπορίαν
511 1397 686 1484 ἐμβάλλων
702 1399 756 1467 καὶ
767 1396 946 1484 ἀνερωτεῖν
958 1391 1007 1466 εἶν
1019 1397 1063 1488 μή
1080 1409 1115 1462 20

57 1493 237 1582 δυναίμεθ’
256 1489 301 1561 ἀν
318 1492 439 1580 ίκανὴν
455 1493 633 1580 ἀπόκρισιν
649 1498 688 1564 ἐν
702 1504 750 1587 τρῖ
771 1495 911 1583 παρόντι
933 1498 1063 1567 διδόναι

57 1615 118 1662 σοι.
139 1592 188 1681 μή
200 1592 266 1681 γάρ
283 1594 434 1680 οἰόμεθα
446 1596 537 1674 τέλος
553 1591 633 1680 ἡμῖν
650 1592 818 1662 εἶναιτῶν
828 1604 894 1663 νῦν
903 1594 965 1681 τήν
976 1597 1063 1663 πάν-

56 1719 123 1762 των
135 1689 231 1779 ἡμων
248 1690 407 1777 ἀπορίαν,
430 1689 503 1760 ἀλλ’
522 1698 553 1759 εί
562 1696 648 1780 δρᾷν
659 1690 758 1759 τοῦθ’
772 1690 863 1779 ἡμεῖς
875 1691 1063 1761 ἀδυνατοῦ-

56 1817 127 1878 μεν,
142 1793 195 1859 σοὶ
206 1795 379 1876 δραστέον·
391 1788 539 1877 ὑπέσχον
548 1792 622 1877 γάρ.
633 1789 801 1877 βουλεύου
813 1792 853 1878 δὴ
865 1790 947 1873 πρός
959 1800 1062 1860 ταῦτα

56 1889 173 1977 αάτός,
191 1889 333 1976 πότερον
348 1888 471 1977 ἡδονῆς
481 1894 552 1977 είδη
565 1909 617 1957 σοι
629 1890 684 1957 καὶ
696 1891 871 1977 ἐπιστήμης
883 1894 1063 1977 διαιρετέον

56 1986 76 2076 ἡ
87 1991 144 2059 καὶ
162 1994 293 2077 ἐατέον,
316 1999 349 2058 εί
362 2015 408 2078 πη
424 1987 507 2057 καθ’
527 1988 644 2074 ἕτερόν
663 2013 738 2056 τινα
761 1989 888 2074 τρόπον
909 1983 978 2069 οἷός
992 1989 1017 2058 τ’
1036 1992 1064 2058 εί

57 2086 241 2175 καλβοόλει
259 2094 408 2175 δηλῶσαί
423 2112 493 2168 πως
511 2087 618 2167 ἄλλως
634 2085 674 2155 τά
692 2097 757 2156 νῦν
768 2087 1062 2176 ἀμφισβητούμενα

56 2183 133 2280 παρ’
147 2181 226 2273 ἡμῖν

100 2292 103 2296 ’
141 2292 216 2355 ΣΩ.
252 2286 379 2355 Δεινόν
394 2285 456 2372 μὲν
473 2291 589 2353 τοίνυν
611 2291 657 2354 ἔτι
678 2290 871 2376 προσδοκᾷν
893 2283 993 2354 οὐδὲν
1014 2291 1099 2354 δεῖΒ

55 2384 114 2452 τὸν
125 2386 185 2471 ἐμέ
189 2435 198 2469 ,
222 2382 333 2472 έπειδὴ
350 2382 448 2454 τοῦθ’
469 2383 576 2464 οὕτως
587 2384 688 2463 εἶπες·
713 2382 750 2452 τό
762 2383 826 2469 γάρ
838 2384 992 2471 είβοόλει
1003 2386 1063 2470 ῥη-

56 2482 118 2553 θὲν
130 2482 202 2551 λόει
211 2484 321 2553 πάντα
333 2484 443 2571 φόβον
454 2484 601 2552 ἕκάστων
613 2485 696 2567 πέρι.
715 2480 799 2566 πρός
810 2484 845 2548 δὲ
856 2478 967 2562 αὐτοῖς
977 2483 1062 2568 μνή-

56 2609 121 2671 μην
132 2581 207 2651 τινά
222 2588 370 2662 δοκεῖτίς
381 2608 437 2669 μοι
448 2583 627 2651 δεδωκέναι
638 2588 732 2647 θεων
741 2578 830 2668 ἡμῖν.

138 2687 240 2749 Hm.
270 2689 348 2761 Πῶς
360 2681 399 2769 δή
412 2684 466 2751 καὶ
476 2689 594 2763 τόνους

139 2787 179 2848 Χ.
222 2788 297 2849 ΣΩ.
328 2781 450 2867 Λόγων
466 2783 547 2848 ποτέ
559 2807 662 2849 τινων
676 2781 778 2848 πάλαι
789 2778 935 2860 ἀκούσας
947 2779 1062 2867 όναρὴ

58 2882 110 2948 καὶ
121 2877 311 2967 ἐγρηγορώς
321 2887 386 2949 νῦν
402 2884 510 2949 ἐννοῶ
521 2886 599 2965 περί
612 2906 648 2949 τε
657 2877 780 2967 ἡδονῆς
791 2882 845 2951 καὶ
857 2881 1061 2968 φρονήσεως,

58 2975 98 3058 (ὃς
116 2976 296 3063 οὐδέτερον
314 2975 429 3046 αὐτοῖν
445 2980 511 3047 ἐστὶ
527 2976 695 3064 τάγαθόν,
718 2974 793 3047 ἀλλ’
806 2978 888 3048 ἀλλο
900 3008 930 3048 τι
941 2989 1062 3063 τρίτον,

14 3070 17 3074 ⁴
59 3077 171 3165 ἕτερον
181 3077 241 3165 μὲν
252 3077 390 3164 τούτων,
403 3077 541 3164 ἀμεινον
552 3078 588 3146 δὲ
599 3077 732 3164 ἀμφοῖν.
756 3086 862 3147 καίτοι
873 3076 961 3145 οὕτω
971 3103 1010 3162 γε
1021 3071 1063 3143 ἀν

59 3180 203 3264 ἐναργῶς
217 3173 298 3263 ἡμῖν
314 3182 406 3267 φανή
422 3185 502 3263 νῦν,
524 3174 729 3261 ἀπήλλακται
745 3176 807 3262 μὲν
824 3173 927 3265 ἡδονὴ
938 3181 1000 3242 τοῦ
1011 3188 1098 3242 wc

60 3282 136 3365 κᾷν·
160 3273 197 3346 τὸ
217 3273 284 3362 γάρ
308 3272 440 3361 ἀγαθόν
456 3273 520 3343 οὐκ
537 3269 581 3343 ἀν
596 3279 643 3341 ἔτι
659 3271 781 3342 ταότόν
799 3270 885 3364 αὐτῇ
902 3279 1063 3362 γίγνοιτο·
1090 3340 1092 3344 ,

62 3369 181 3455 δπῶιι
