2408 3780
145 189 204 251 186
509 189 613 247 ΠΛΑ
623 183 792 248 ΤΩΝΟΣ
1108 184 1194 253 4!

109 343 262 434 οίέναιῆ
283 346 343 415 ἀπ’
364 347 469 416 ἀλλον
491 345 647 433 ἄγεσθαι,
670 344 855 433 ἀρχόμενον
876 345 940 416 ἀπὸ
956 350 1064 417 τῶνδε
1078 355 1194 415 τάκ*

144 455 257 516 καλῶν
274 450 402 515 ἐκείνου
423 447 518 513 ἕνεκα
540 451 602 512 τοῦ
623 452 728 514 καλοῦ
751 442 801 514 ἀεὶ
826 448 1009 530 ἐπανιέναι,
1035 445 1151 531 ὥσπερ·

143 549 391 632 ἐπαναβαθμοῖς
401 544 589 630 χριόμενον,
611 541 675 612 ἀπὸ
687 542 762 623 ἑνὸς
776 545 828 612 ἐπὶ
839 543 899 612 δύο
909 548 965 612 καὶ
975 542 1042 613 ἀπὸ
1055 549 1157 613 δυελι·

142 646 195 712 ἐπὶ
207 644 316 711 πάντα
328 641 367 711 τά
380 639 463 710 καλά
477 640 627 726 σώματα,
639 644 692 710 καὶ
704 640 770 711 ἀπὸ
782 652 850 711 τῶν
860 651 973 712 καλεῖν
984 644 1144 730 σωμάτων

142 745 194 811 ἐπὶ
203 741 242 810 τά
253 743 337 811 καλά
349 739 602 826 ἐπιτηδεύματα,
625 741 679 807 καὶ
690 737 754 809 ἀπὸ
772 747 964 809 τάνκαλάυ
975 744 1144 829 έπιτηάευ-

143 841 257 927 μάτων
274 843 326 910 ἐπὶ
343 837 381 908 τά
399 836 483 907 καλά
494 838 690 923 μαθήματα,
713 838 774 916 ἕως
785 835 848 904 ἀπό
861 840 929 906 τάν
939 840 1146 927 μαθημάτων

143 939 196 1007 ἐπ’
208 945 312 1006 έκεῖνο
327 936 363 1005 τό
376 936 516 1022 μάθημα
526 934 715 1023 τελευτήσῃ,
728 932 749 1001 ὅ
760 937 847 1003 ἐστιν
859 934 921 1004 οὐκ
933 936 1040 1006 ἀλλου
1052 934 1074 1024 ἢ
1086 934 1146 1006 αά·

143 1044 203 1104 τοῦ
214 1040 343 1103 ἐκείνου
361 1041 421 1101 τοῦ
435 1039 542 1100 καλοῦ
552 1031 707 1118 μάθημα,
728 1035 783 1100 καὶ
797 1041 869 1122 γνῷ
884 1032 966 1103 αὐτὸ
983 1042 1146 1120 τελευτῶν

105 1150 127 1199 D
145 1132 244 1204 ἀέστι
256 1135 367 1201 καλόν.
383 1135 533 1199 Ιἐνταῦθα
544 1137 604 1197 τοῦ
614 1135 706 1217 βίου,
729 1122 756 1197 ά
772 1138 848 1216 φίλε
866 1132 1061 1221 Σώκρατες,
1085 1138 1147 1221 ἔφη

142 1231 162 1317 ἡ
178 1229 367 1316 Μαντινικὴ
380 1233 472 1315 ξένη,
495 1239 586 1310 είπερ
604 1251 670 1295 που
681 1226 817 1315 ἀλλοθι,
829 1229 952 1316 βιωτὸν
962 1229 1147 1322 ἀνθράπῳ,

143 1332 303 1418 θεωμένῳ
316 1326 398 1395 αὐτὸ
411 1327 447 1395 τό
458 1326 571 1394 καλόν.
595 1324 684 1394 ἀέάν
702 1349 781 1394 ποτε
796 1330 884 1415 ίάης,
906 1325 948 1396 οὐ
965 1328 1048 1397 κατά
1066 1356 1148 1417 ηρυ-

143 1435 216 1496 σίου
233 1454 267 1495 τε
285 1430 340 1495 καὶ
356 1429 479 1513 ἐσθῆτα
497 1423 645 1504 καὶτοὺς
662 1421 784 1503 καλοὺς
795 1424 913 1504 παῖδάς
923 1451 959 1493 τε
969 1429 1025 1496 καὶ
1035 1435 1150 1496 νεανί-

143 1548 244 1606 σκους
255 1529 343 1607 δόξει
353 1548 406 1595 σοι
418 1521 577 1611 είυαι,“
535 1551 594 1602 ους
605 1531 670 1592 νῦν
686 1520 777 1608 ὅρων
789 1526 985 1641 ἐκπέπληξαι
995 1527 1082 1593 nal*
1062 1552 1150 1595 ετοι-

143 1652 203 1712 μος
226 1653 254 1694 ει
243 1624 380 1695 καὶσὺ
398 1629 452 1694 καὶ
470 1624 565 1694 ἀλλοι
580 1621 750 1705 πολλοί,
735 1628 884 1743 ορῳντες
893 1647 934 1688 τα
922 1619 1082 1692 παιδικά
1094 1626 1149 1693 καὶ

142 1723 327 1805 ξυνέντες’
308 1727 358 1792 αεὶ
370 1722 451 1792 αάτο
454 1739 497 1809 λς,
454 1734 549 1792 λεί
563 1747 632 1802 πως
644 1716 756 1788 οἷόντ’
767 1744 826 1805 ην,
839 1720 921 1805 μήτε
931 1724 1113 1791 ἐσθίειν’
1067 1749 1148 1810 μητε

142 1828 266 1905 πίνειν,
289 1820 373 1890 ἀλλά
389 1830 535 1890 θεᾶσθαι
548 1847 654 1908 μονον
665 1821 718 1887 καὶ
730 1821 884 1898 ξυνεῖναι
907 1845 938 1886 τι
934 1824 1049 1907 θῆτα,
1072 1826 1147 1908 ἐφη,
1188 1862 1194 1905 ².

107 1920 302 2006 Εοίόμεθα,
328 1930 360 1988 εί
377 1947 422 2010 τῳ
444 1924 571 2007 γένοιτο
589 1915 726 1988 αὐτὸ
693 1942 729 1984 το
747 1912 853 1984 καλὸν
869 1921 1146 2005 ίδείυείλικριυές,
1189 1920 1194 1929 ’

67 2062 70 2069 -
143 2016 339 2105 καθαρόν,”
318 2045 466 2104 αμικτον,
480 2016 561 2086 ἀλλά
575 2045 617 2104 μη
607 2016 806 2084 ἀνάπλεων
817 2022 951 2098 σαρκῶν
961 2043 996 2083 τε
1009 2014 1148 2102 ἀνθρω-

143 2125 250 2184 πίνων
263 2120 318 2184 καὶ
310 2117 510 2236 χρῳμάτωυ
520 2120 575 2184 καί
587 2113 688 2201 άλλης
700 2121 822 2200 πολλῆς
833 2119 998 2199 φλυαρίας
1007 2124 1194 2205 θνητῆς,Ι
1187 2170 1194 2221 4

143 2212 216 2281 ἀλλ’
240 2211 321 2281 αὐτὸ
343 2211 380 2282 τὸ
403 2225 500 2283 θείου
521 2213 625 2285 καλὸν
643 2213 779 2282 δύναιτο
798 2212 965 2298 μονοειδές
983 2220 1147 2297 κατιάείν;
1186 2222 1194 2299 Ι

73 2327 125 2380 212
143 2305 198 2397 ἀρ’
211 2323 242 2381 ο
241 2323 290 2399 ει,
314 2319 394 2401 ἔφη,
420 2324 552 2401 φαυλον
570 2322 644 2402 βίον
660 2319 836 2398 γίγνεσθαι
854 2313 957 2379 ἐκεῖσε
967 2308 1194 2407 βλέποντος

143 2409 329 2498 ἀνθρώπου
340 2440 394 2483 και
384 2416 511 2482 ἐκεῖνο
522 2441 547 2504 ῳ
536 2405 612 2481 ἀει
621 2415 794 2498 θεωμένου
805 2412 859 2479 καὶ
871 2411 1083 2492 ξυνόντος’
1039 2420 1148 2501 αυτςὸς

141 2539 161 2596 η
176 2536 237 2578 ουκ
249 2515 397 2597 ἐνθυμεῖ,
410 2511 533 2598 ἐφη,”
512 2538 564 2580 οτι
580 2514 726 2579 ἐνταῦθα
745 2505 833 2599 αὐτῷ
850 2519 999 2596 μοναχού
1009 2512 1149 2598 γενήσε-
1192 2568 1194 2575 .

142 2635 211 2690 ται,
231 2607 375 2729 ὁρῶντι
364 2635 389 2675 ω
408 2604 531 2695 ὁρατὸν
541 2637 577 2677 το
566 2607 711 2693 καλόν,
733 2614 852 2675 τίκτειν
863 2605 926 2676 οὐκ
939 2609 1088 2677 είδωλα’
1069 2636 1149 2694 αρε-

141 2712 213 2790 τῆς,
237 2732 293 2772 ατε
304 2731 368 2774 ουκ
381 2706 520 2775 είδωλου
530 2709 763 2797 ἐφαπτομενω,
785 2704 860 2774 ἀλλ’
873 2706 1040 2794 ἀληθη,”
1018 2734 1076 2777 ατε
1086 2734 1148 2777 που

142 2803 291 2888 ἀληθοῦς
304 2809 533 2896 ἐφαπτομένῳ·
556 2808 684 2876 τεκόντι
698 2803 762 2875 δὲ’
743 2832 866 2892 αρετην
875 2805 985 2894 ἀληθῆ
999 2809 1054 2875 καὶ
1064 2817 1148 2891 θρε-

141 2906 276 2991 ψομένῳ
295 2899 432 2988 ὑπάρχει
448 2914 603 2990 θεοφιλελ
618 2907 791 2990 γενέσθαι,
813 2906 869 2972 καὶ
886 2914 976 2991 είτιερ
993 2931 1039 2994 τῳ
1058 2903 1147 2995 ἀλλῳ

108 3020 126 3071 Β
145 2999 337 3088 ἀνθρώπων
348 2999 506 3093 ἀθανάτῳ
519 3005 574 3071 καὶ
584 3006 716 3092 έκείνῳς
727 3042 769 3054 -
784 3010 895 3071 Ταῦτα
907 3005 948 3090 δή
956 3055 965 3089 ,
984 2996 1149 3089 άΦαῑάρέ

142 3127 176 3169 τε
188 3103 242 3169 καὶ
254 3103 288 3168 οί
296 3099 405 3186 άλλοι,
428 3107 490 3189 ἔφη
503 3102 564 3188 μὲν
575 3109 732 3188 Διοτίμα,
756 3105 931 3187 πέπεισμαι
942 3099 975 3168 δ’
987 3100 1052 3187 ἐγω
1060 3126 1068 3141 ·
1088 3125 1148 3168 πε-

143 3202 317 3285 πεισμένος
335 3199 370 3268 δὲ
382 3209 543 3287 πειρῶμαι
553 3205 608 3271 καὶ
619 3199 696 3281 τούς
707 3198 829 3280 ἀλλους
839 3206 984 3288 πείθειν,
1004 3199 1055 3268 ὅτι
1066 3201 1149 3269 κου’-

143 3324 203 3365 του
220 3305 280 3365 τοῦ
297 3298 460 3387 κτήματος
476 3308 514 3387 τῇ
529 3298 723 3388 ἀνθρωπεία
735 3294 835 3384 φύσει
845 3297 1011 3384 συνεργὸν
1021 3296 1148 3386 ἀμείνω

136 3397 276 3479 Ἔρωτος
287 3393 349 3464 οάκ
366 3396 410 3464 ἀν
426 3423 474 3475 τις
490 3399 611 3484 ῥᾳδίως
621 3399 726 3485 λάβοι.
744 3397 794 3475 διὸ
807 3396 846 3485 δὴ
858 3399 963 3485 ἔγωγέ
970 3424 1056 3486 φημι
1064 3408 1148 3487 χρί-
