2408 3780
111 167 174 232 1⁰6
469 167 754 227 ΠΛΑΤΩΝΟΣ

109 336 179 398 τῶν
190 326 324 408 ταύταις
334 329 522 413 ἑπομένων,
534 322 578 394 ἀν
589 327 631 413 μη
644 333 855 410 κατοφθῶσι,
868 323 986 410 σχεδόν
999 322 1060 393 ούκ
1071 322 1105 393 ἀι

112 452 191 496 ποτε
202 429 388 512 δυναίμεθα
400 430 633 512 διακρίνασθαι
643 422 680 492 τδ
693 432 757 493 νῶν
769 425 980 511 ζητούμενον.

196 529 298 592 Hm.
333 521 470 594 Ούκοῶν
483 525 570 593 ίτέον
582 524 633 593 ἐπὶ
645 521 702 603 τάς
714 524 842 593 τούτων
853 528 1028 610 ξυγγενεῖς.

194 629 270 690 Σίλ.
304 620 371 702 Τάς
382 623 419 689 έν
429 629 470 709 τῇ
481 624 564 708 μίξει
575 619 801 702 κοινωνούσας
812 625 931 706 λέγειςς

195 727 297 789 nm.
329 719 428 788 Πάνυ
439 719 500 806 μὲν
511 711 582 787 οὖν.

195 825 270 887 Σίδ.
303 820 375 887 Elui
392 824 506 886 τοίνυν
522 821 622 903 μίξεις
639 821 674 885 αι’
682 820 743 904 μὲν
753 817 836 885 κατά
849 816 885 886 τό
896 823 990 901 σῶμα
1002 818 1039 883 έν
1051 814 1105 882 αὐ-

73 930 96 982 θ
113 929 180 997 τοίς
189 929 255 994 τοῖς
265 914 424 1001 σάμασιν,
435 919 471 982 αί
479 912 509 982 δ’
520 910 621 1001 αὐτῆς
629 922 686 1001 τῆς
698 923 800 1001 ψυχῆς
807 917 845 982 έν
853 922 893 1000 τη
902 920 1004 1000 ψυχῇ·
1018 912 1105 993 τάςδ

110 1005 218 1099 αύτῆς
227 1021 332 1098 ψυχῆς
340 1015 395 1080 καὶ
403 1021 465 1081 τοῦ
474 1011 623 1098 στόματος
632 1010 859 1100 ἀνευρήσομεν
869 1009 1105 1099 λύπαςηδουαίς

111 1117 281 1197 μιχθείσας
297 1110 369 1179 τοτὲ
385 1111 447 1196 μὲν
464 1108 586 1197 ἡδονάς
598 1109 637 1178 τά
651 1111 898 1197 ξυναμφότεραι,
920 1113 991 1179 τοτὲ
1003 1112 1039 1178 δὲ
1052 1112 1105 1178 λύ-

113 1211 454 1294 παςέπικαλουμένας.

193 1312 294 1374 ιινιε.
329 1314 423 1390 Περ

195 1410 269 1472 ΣΩ.
300 1402 440 1472 Ὁπόταν
458 1409 495 1472 έν
513 1414 554 1493 τῇ
571 1404 765 1473 καταστάσει
781 1430 828 1482 τις
845 1399 867 1490 ἢ
884 1410 923 1489 τῇ
941 1406 1105 1490 διαφθορᾷ

112 1501 268 1571 τάναντία
280 1502 348 1589 ἀμα
359 1502 452 1589 πάθη
465 1502 588 1592 πάσχη,
613 1505 691 1571 ποτὲ
701 1504 804 1590 ῥιγῶν
814 1505 953 1587 θέρηται
964 1501 1017 1567 καί
1030 1509 1105 1583 θερ-

112 1601 310 1687 μαινόμενος
327 1603 429 1670 ένίοτε
446 1601 603 1689 ψύχηται,
627 1607 746 1688 ζητῶν,
769 1600 873 1687 οἶμαι,
896 1596 932 1665 τό
944 1600 1006 1683 μὲν
1016 1602 1105 1682 ἔχειν.

112 1705 174 1766 τοῦ
186 1695 218 1766 δ’
231 1696 513 1786 ἀπαλλάττεσθαι,
526 1699 562 1768 τὸ
575 1698 615 1786 δὴ
626 1698 805 1784 λεγόμενον
817 1704 923 1783 πικρῷ
932 1694 1041 1781 γλυκύ
1053 1721 1105 1782 με-

72 1812 96 1862 o
115 1800 289 1882 μιγμένον,
302 1797 382 1884 μετά
396 1802 678 1877 δυσαπάλλακτίας
690 1796 815 1882 παρόν,
826 1795 1048 1882 ἀγανάκτησιν
1058 1796 1105 1861 κα]

111 1891 253 1979 ὕστερον
265 1895 425 1962 σύντασιν
436 1892 554 1982 ἀγρίαν
565 1910 659 1964 ποιεί.

195 2000 297 2060 ΠΡΩ.
331 1993 397 2060 Καὶ
408 1991 487 2078 μάλ’
499 1990 622 2079 ἀληθές
631 1994 668 2061 τὸ
681 2003 744 2061 νῦν
756 1992 946 2079 λεγόμενον.

194 2097 267 2159 ΣΩ.
301 2083 438 2158 Οὐκοῦν
455 2093 492 2157 αί
506 2099 653 2158 τοιαῦται
669 2097 769 2179 μίξεις
785 2095 821 2159 αί
836 2090 897 2178 μὲν
915 2094 946 2171 ἐξ
958 2101 1040 2160 ίσων
1051 2092 1105 2157 εἰσ]

111 2196 226 2256 λυπῶν
237 2214 271 2255 τε
283 2191 336 2256 καὶ
347 2186 496 2274 ἡδονῶν,
509 2193 546 2256 αί
555 2187 588 2255 δ’
599 2191 635 2257 ἐκ
647 2198 713 2256 τῶν
725 2191 845 2276 ἑτέρων
856 2190 1034 2269 πλειόνων;

194 2290 294 2353 nm.
327 2292 405 2365 Πῶς
420 2285 483 2372 γάρ
497 2284 554 2367 σῶς

193 2388 268 2451 m.
301 2384 385 2468 Λέγε
397 2382 437 2471 δὴ
448 2381 507 2464 τάς
516 2386 594 2471 μέν,
607 2384 688 2453 όταν
699 2393 831 2467 πλείους
842 2395 943 2455 λῦπαι
953 2394 1022 2454 τῶν
1031 2383 1105 2473 ἡδο·

111 2490 181 2550 νῶν
198 2490 390 2568 γίγνωνται,
413 2481 471 2562 τάς
481 2492 538 2568 τῆς
549 2483 663 2569 φῶρας
674 2488 851 2571 λεγομένας
862 2493 927 2553 νῦν
939 2483 978 2573 δὴ
992 2485 1105 2564 ταύτας

111 2580 194 2649 εἶναι
211 2581 339 2658 καλιάς
356 2589 424 2647 τῶν
439 2588 688 2668 γαργαλισμῶν,
712 2574 806 2651 *ῶν*
823 2581 948 2652 ὁπόταν
966 2581 1059 2661 ἐυτὸς
1078 2609 1105 2651 ιι

110 2682 183 2759 ζέον
199 2669 222 2764 ᾗ
237 2679 292 2744 καλ
309 2675 346 2744 τό
365 2686 585 2764 φλεγμαῖνον,
609 2687 648 2766 τῇ
659 2687 766 2765 τρίψει
779 2686 814 2752 δὲ
826 2685 879 2752 καλ
890 2683 1057 2772 τῇκνήσει
1068 2680 1105 2767 μη

71 2795 93 2844 E
110 2777 286 2860 έφικνῆταί
292 2801 356 2859 τις,
374 2774 414 2843 τά
426 2774 457 2843 δ’
472 2779 628 2863 ἐπιπολῆς
639 2779 744 2864 μόνον
757 2783 884 2870 διαχέη,
906 2782 978 2849 τοτὲ
989 2783 1105 2866 φέρον·

110 2899 163 2952 τες
179 2877 224 2952 είς
241 2882 308 2957 πῦρ
328 2872 411 2942 αὐτά
429 2879 483 2944 καλ
502 2881 547 2955 είς
564 2873 762 2946 τούναντίον
779 2877 931 2965 ἀπορίαις
947 2881 1105 2966 μεταβάλ-

110 2981 233 3061 λοντες,
246 2976 349 3041 ἐνίοτε
361 2971 549 3060 ἀμηχάνους
559 2972 696 3062 ἡδονάς,
709 2980 782 3045 τοτὲ
793 2978 828 3045 δὲ
839 2977 1036 3046 τούναντίον
1047 2990 1105 3056 τοίς

110 3071 202 3152 έντὸς
210 3072 293 3154 πρός
302 3072 359 3152 τάς
369 3082 438 3141 τῶν
448 3078 508 3154 ἐξα
520 3075 627 3153 λύπας
636 3070 760 3160 ἡδονάς
768 3081 1054 3162 ξυγκερασθείσας,
1070 3081 1105 3154 είς

110 3168 243 3255 ὁπότερ’
266 3167 309 3239 ἀν
329 3174 428 3260 δέρη,
452 3174 654 3259 παρέσχοντο
676 3181 721 3262 τῷ
744 3172 783 3242 τά
800 3179 1040 3261 σνγκεκριμένα
1057 3180 1105 3260 βίη

55 3296 92 3351 47
112 3273 235 3355 διαχεῖν
251 3265 273 3356 ἢ
288 3268 329 3338 τά
347 3274 578 3361 διακεκριμένα
595 3285 732 3357 συγχεῖν
745 3275 799 3340 καλ
821 3272 905 3359 ὁμοῦ
916 3275 1023 3353 λύπας
1034 3269 1105 3357 ἡδο·

111 3381 182 3448 ναῖς
193 3372 419 3455 παρατιθέναι.
541 3386 544 3391 “
