2408 3780
348 183 699 243 ΠΑΡΜΕΝΙΔΗΣ.
1008 181 1048 245 13

37 348 181 431 θέσεως,
204 340 249 431 ήν
259 342 380 429 Ζήνων
396 340 557 429 ὑπέθετο,
579 350 611 412 εί
627 343 733 411 πολλά
744 344 826 428 ἐστι,
848 352 882 414 τί
889 351 950 434 χρή
964 352 1046 431 ξυμ-

39 452 167 535 βαίνειν
183 445 241 511 καλ
261 439 372 519 αὐτοῖς
389 458 457 521 τοῖς
467 450 600 523 πολλοῖς
611 441 693 527 πρὸς
705 439 788 511 αὑτά
798 445 853 510 καὶ
867 444 950 529 πρὸς
959 443 996 513 τό
1008 448 1045 512 ἓν

40 546 89 613 καὶ
101 550 154 633 τῷ
172 542 224 611 ἑνί
241 540 325 623 πρός
340 566 375 608 τε
391 538 473 608 αύτὸ
484 543 539 609 καί
549 539 633 627 πρός
643 540 683 608 τά
699 540 819 607 πολλά·
841 543 895 609 καί
906 534 950 609 αύ
961 549 991 610 εί
1000 544 1043 626 μή

39 638 249 724 ἐστιπολλά,
271 637 373 705 πάλιν
391 652 529 705 σκοπεῖν
546 644 578 705 τί
592 639 792 726 ξυμβήσεται
808 643 919 730 καὶτῷ
931 642 979 708 ἑνὶ
991 641 1045 707 καὶ

40 750 103 817 τοῖς
118 741 260 827 πολλοῖς
274 734 331 801 καὶ
345 732 429 820 πρὸς
445 729 529 801 αύτά
545 736 602 803 καὶ
617 732 702 818 πρὸς
713 733 853 822 άλληλα·
876 739 931 805 καὶ
942 729 1043 815 αὖθις
1060 743 1079 793 Β

43 828 81 901 τύ
89 834 153 905 ἐάν
162 832 299 919 ὑποθῇ,
324 838 355 901 εί
364 838 454 900 ἔστιν
464 827 648 919 ὁμοιότηςή
660 838 690 901 εί
698 831 742 919 μή
755 837 837 919 ἔστι,
860 842 894 902 τί
901 832 953 920 ἐφ’
968 835 1046 903 ἕκα-

43 936 131 1019 τίρας
148 940 209 1019 τής
225 926 418 1009 ὑποθέσεως
434 931 633 1017 ξυμβήσεται
649 933 704 999 καὶ
722 928 833 1011 αὐτοῖς
847 947 915 1013 τοῖς
925 929 1046 1001 ὑποτε-

45 1040 125 1099 λεῑσι
136 1032 196 1098 καὶ
208 1026 651 1115 τοῑςάλλοιςκαὶπρόςαύτά
662 1028 810 1113 καὶπρὸς
821 1027 957 1116 άλληλα.
990 1031 1045 1098 καὶ

47 1122 555 1215 τερλάνομοίουύαύτὸςλάχος,
577 1128 632 1194 καὶ
643 1128 717 1210 περὶ
728 1128 888 1214 κινήσεως
899 1129 954 1196 καὶ
965 1129 1045 1196 στά-

47 1248 135 1313 ιεως,
159 1227 218 1295 καλ
228 1228 303 1310 περὶ
313 1228 472 1310 γενέσεως
482 1228 538 1293 καλ
547 1231 696 1311 φθοράς,
718 1227 771 1293 καὶ
783 1228 858 1310 περὶ
870 1224 974 1294 αύτοῦ
985 1233 1046 1293 τοῦ

49 1322 119 1413 εἶναι
141 1327 202 1395 καὶ
222 1331 284 1393 τοῦ
301 1322 345 1410 μή
362 1322 461 1392 εἶναι·
482 1326 538 1391 καὶ
555 1324 604 1391 ἑνὶ
621 1323 725 1412 λόγῳ,
746 1325 821 1407 περὶ
838 1322 919 1391 ὅτου
936 1320 978 1389 άυ
996 1320 1046 1390 άεὶ

38 1416 151 1513 ,λισσῇ
169 1420 218 1503 ὡς
235 1420 332 1501 ὄντος
348 1424 404 1489 καὶ
421 1420 465 1502 άς
476 1420 538 1489 ούκ
549 1419 646 1499 ὄντος
656 1423 710 1489 καὶ
720 1417 835 1490 ὁτιοῦν
845 1420 926 1488 άλλο
937 1422 1047 1499 πάθος

50 1520 225 1607 πάσχοντος
231 1570 242 1604 ,
264 1523 317 1587 δεῖ
333 1534 470 1587 σκοπεῖν
490 1518 529 1587 τά
552 1524 774 1605 ξυμβαίνοντα
793 1516 878 1603 πρὸς
892 1516 974 1585 αὐτὸ
991 1523 1044 1586 καὶ

10 1658 13 1671 ·
72 1647 118 1699 ις
133 1622 175 1686 ἓν
191 1620 335 1685 ἕκαστον
351 1625 419 1685 τῶν
435 1616 564 1700 άλλωυ,
586 1613 607 1683 ὅ
623 1642 654 1683 τι
670 1612 714 1683 άν
729 1620 870 1703 προέλῃ,
892 1617 947 1682 καὶ
963 1617 1046 1699 πρὸς
1062 1630 1081 1675 0

10 1733 15 1770 ἰ
44 1722 137 1785 πλείω
154 1712 315 1800 καὶπρὸς
333 1715 506 1799 ξύμπαντα
525 1710 697 1791 ὡσαύτως·
717 1716 772 1780 καὶ
790 1705 894 1779 τάλλα
907 1705 951 1778 αὖ
962 1711 1046 1797 πρὸς

10 1833 20 1884 3
46 1841 48 1846 ’
70 1812 78 1835 ‘
96 1816 119 1883 ά
136 1840 175 1883 τε
192 1811 348 1897 καὶπρὸς
364 1810 444 1879 άλλο
461 1809 481 1879 ὅ
491 1838 522 1879 τι
533 1805 576 1877 άυ
588 1818 732 1898 προαιρῇ
743 1808 809 1896 άεί,
833 1809 937 1878 ἐάντε
950 1808 993 1890 ὠς
1005 1806 1045 1878 &v

10 1943 22 1953 ·
66 1955 70 1966 ι
85 1920 155 1999 οθη·
173 1908 196 1979 ὃ
213 1907 412 1991 ὑπετίθεσο,
434 1908 494 1975 ἐάν
510 1933 545 1973 τε
564 1903 661 1992 άςμή
674 1904 730 1991 ὄν,
753 1913 784 1975 εί
790 1913 917 1993 μέλλεις
927 1912 1044 1987 τελέως

10 1999 24 2067 ὃ
52 2051 57 2066 ι
81 2008 297 2097 μνασάμευος
313 2011 436 2089 κυρίως
452 2002 627 2085 διόψεσθαι
637 2003 674 2073 τό
687 2003 818 2092 ἀληθές.
849 2005 1044 2093 Ἀμήχανον,

10 2139 26 2149 -
72 2145 83 2162 ι
104 2158 114 2192 ‚
130 2110 259 2193 λέγεις,
280 2094 527 2189 ύΠαρμευίδη,
539 2112 781 2191 πραγματείαν,
793 2107 848 2173 καὶ
860 2104 902 2172 ού
913 2105 1045 2190 σφόδρα

10 2235 27 2247 -
108 2204 219 2273 άνω·
244 2199 328 2269 άλλά
343 2225 400 2288 μοι
416 2208 449 2267 τί
462 2198 505 2269 ού
522 2205 656 2285 διῆλθες
672 2199 772 2280 αύτὸς
782 2200 992 2288 ὑποθέμενός
1002 2231 1043 2287 τι,

10 2333 27 2345 ·
54 2317 81 2356 ²·
103 2308 239 2389 μάλλον
256 2298 456 2386 καταμάθως
475 2296 570 2367 Πολύ
582 2304 696 2385 ἔργον,
719 2300 840 2386 φάναι,
863 2293 1044 2385 άΣάκρα-
1062 2317 1081 2365 1)

10 2400 29 2440 '-
57 2437 67 2452 1¹
93 2397 334 2487 ,προστάττεις
347 2396 569 2483 άςτηλικῷδε.
599 2394 697 2463 Ἀλλά
710 2398 769 2481 ου’,
782 2404 886 2465 εἰπεῖν
897 2398 957 2464 τόυ
967 2407 1046 2465 Σω-

86 2500 98 2554 ι’
141 2550 153 2587 ,
172 2497 316 2584 Ζήνων,
333 2502 368 2563 τί
379 2492 421 2562 ού
432 2499 568 2580 διῆλθες
576 2491 672 2581 ήμῑυ,
694 2495 970 2582 καὶτόυΖήυωυα
982 2502 1045 2582 ἔφη

10 2610 31 2662 23
57 2659 58 2662 ,
78 2596 224 2665 λάσαντα
236 2593 359 2680 φάναι,
381 2591 514 2678 Αὐτοῦ,
536 2586 563 2661 τί
574 2594 768 2681 Σώκρατες,
785 2595 1046 2681 δεύμεθαΠαρ-

11 2709 31 2764 ῑι
56 2721 58 2742 ³
99 2700 193 2763 ι’άου·
216 2690 264 2779 μή
283 2691 347 2777 γάρ
365 2688 407 2760 ού
422 2685 592 2780 φαῦλονή
610 2689 629 2758 ὃ
640 2696 735 2777 λέγει.
767 2689 790 2778 ή
801 2688 860 2777 οὐχ
872 2689 953 2780 ὁρᾷς
963 2691 1046 2761 ὅσον

14 2802 32 2844 a
95 2826 106 2853 ι
134 2790 375 2879 Ιπροστάττειςς
388 2796 419 2858 εί
427 2790 489 2876 μὲν
499 2782 563 2857 οὖν
574 2798 706 2869 πλείους
718 2783 811 2875 ήμεν,
825 2789 885 2858 ούκ
897 2787 941 2859 άυ
952 2791 1044 2872 άξιου

10 2903 33 2991 ῑῖ
60 2891 64 2942 s
79 2894 243 2959 δεῖσθαι·
265 2886 396 2975 άπρεπή
410 2884 475 2973 γάρ
486 2887 526 2955 τά
537 2896 672 2956 τοιαῦτα
684 2895 819 2956 πολλῶν
828 2892 979 2958 ἐναντίου
990 2895 1046 2958 λε’-

72 3025 80 3063 2
98 3037 99 3040 κ
121 2987 234 3066 άλλως
246 3012 282 3054 τε
292 2987 347 3055 ’καὶ
357 2985 555 3075 τηλικούτῳ·
579 2983 739 3072 άχνοούσι
749 2984 814 3072 γάρ
826 2991 860 3054 οί
869 2991 983 3057 πολλοὶ
995 2986 1046 3054 ὅτι

10 3082 32 3139 ί·
86 3110 118 3153 ευ
132 3086 261 3171 ταύτης
270 3092 329 3169 τής
340 3084 393 3151 διὰ
404 3084 541 3152 πάντων
552 3084 702 3165 διεξόδου
712 3110 747 3152 τε
759 3087 813 3152 καὶ
826 3086 952 3172 πλάνης
963 3083 1048 3152 άόύ-
1064 3106 1082 3153 Ε

10 3168 31 3286 [5
59 3205 78 3230 ⁸
101 3206 137 3251 ov
152 3180 341 3268 ἐντυχόντα
358 3189 406 3273 τῷ
416 3178 736 3269 άληθείνούυέχειυ.
768 3184 832 3267 ἐγώ
845 3176 995 3269 μὲνοῦν,
1020 3173 1046 3248 οἷ
