2422 3780
161 209 224 274 246
519 211 806 272 ΠΛΑΤΩΝΟΣ
915 164 924 179 Ι
1117 222 1163 279 lm

91 389 143 444 νῦν
245 379 336 441 ΦΑΙ.
367 371 420 440 Ἐν
430 385 497 451 τοῖς
508 369 630 457 ὀλίγον.

243 474 317 536 ΣΩ.
347 467 444 538 Ἀλλά
462 494 501 555 γε
518 466 559 555 δή
570 468 654 537 κατά
666 466 808 554 σμικρὸν
819 473 1029 554 μεταβαίνων
1039 477 1161 555 μᾶλλον

159 567 269 654 λήσεις
280 565 391 639 ἐλθὼν
402 569 453 635 ἐπὶ
463 565 499 634 τὸ
514 571 665 635 ἐναντίον
675 562 697 653 ή
707 563 790 634 κατὰ
801 569 893 652 μέγα.

244 672 333 736 ΦΑΙ.
366 671 445 743 Πάς
457 661 488 733 δ’
502 663 546 732 ού
552 693 562 744 3

242 772 319 834 ΣΩ
349 773 416 831 Δεῖ
428 761 492 849 ἀρα
508 760 570 830 τὸν
586 764 748 849 μέλλοντα
766 760 948 851 ἀπατήσειν
968 763 1031 850 μὲν
1052 762 1161 849 ἀλλον,

151 861 263 939 αὐτὸν
275 865 311 931 δὲ
322 885 368 949 μή
356 856 627 947 ἀπατήσεσθαι,
646 859 708 946 τήν
725 856 901 948 ὁμοιότητα
911 867 980 928 τῶν
990 859 1104 929 ὄντων
1113 862 1161 931 md

158 962 376 1049 ἀνομοιότητα
389 957 533 1045 ακριβως
544 959 708 1026 διειδέναι
767 994 770 999 >

242 1065 333 1128 ΦΑΙ.
364 1048 661 1142 Ἀνάγκήμένούν.
1199 1114 1202 1131 .

242 1162 316 1225 ΣΩ.
355 1147 397 1222 Η
411 1146 473 1221 οὖν
493 1148 561 1231 οἷός
577 1180 611 1221 τε
628 1158 734 1237 ἔσται,
756 1151 953 1241 ἀλήθειαν’
934 1164 1069 1242 αγνοῶν
1089 1157 1162 1228 ἑκά-

159 1276 239 1323 στου
246 1252 339 1341 ,τήν
359 1260 421 1320 τού
442 1247 673 1336 ἀγνοουμένου
695 1249 872 1339 ὁμοιότητα
894 1254 1040 1342 σμικράν
1056 1283 1093 1326 τε
1111 1260 1161 1325 καὶ

124 1371 144 1420 Β
162 1353 309 1442 μεγάλην
320 1354 357 1419 ἐν
367 1363 434 1428 τοις
445 1349 558 1428 ἀλλοις
569 1350 838 1435 ἀιαγιγνάσαειν;

242 1455 332 1519 ΦΑΙ.
362 1446 552 1516 Ἀδύνατον.

241 1554 315 1616 ΣΩ.
350 1544 490 1615 Ούιιούν
503 1559 571 1626 τοῖς
582 1544 671 1632 παρὰ
681 1545 721 1615 τά
733 1545 814 1616 ὄντα
826 1549 996 1629 δοξάζουσι
1008 1552 1064 1619 καὶ
1078 1549 1163 1621 ἀπα-

24 1736 27 1740 ,
157 1651 314 1734 τωμένοις
332 1650 434 1732 δῆλον
452 1641 495 1722 ἀς
505 1642 542 1712 τό
554 1644 665 1723 πάθος
675 1653 773 1713 τοῦτο
785 1644 831 1712 δι’
844 1643 1051 1733 ὁμοιοτήτων
1060 1659 1161 1720 τινάν

157 1745 319 1830 εἰσερρύη.

240 1847 331 1908 ΦΑΙ.
362 1846 515 1923 Γίγνεται
524 1846 610 1925 γούν
621 1837 734 1919 οὕτως.

240 1944 315 2006 ΣΩ.
343 1935 453 2003 Ἔστιν
470 1928 534 2004 ούν
552 1935 642 2016 ὅπως
656 1936 802 2023 τεχνικὸς
823 1942 913 2007 ἔσται
934 1943 1161 2030 μεταβιβάζων

156 2037 238 2106 κατὰ
251 2034 391 2121 σμικρὸν
401 2031 455 2103 (9ιά
463 2042 532 2102 τοῖν
541 2031 744 2122 ὁμοιοτήτων
753 2032 818 2124 ἀπὸ
829 2044 890 2105 τοῦ
899 2035 996 2118 ὄντος
1005 2040 1161 2109 ἑκάστοτε

156 2137 208 2202 ἐπὶ
219 2132 418 2202 τούναντίον
428 2130 583 2219 ἀπάγων,
601 2128 737 2219 ήαύτός
747 2142 845 2203 τοῦτο
858 2136 1069 2227 διαφεύγειν,
1087 2137 1160 2227 ὁμή

156 2229 341 2319 ἐγνωρικώς
353 2228 372 2299 ὃ
384 2233 472 2297 ἔστιν
480 2231 619 2299 ἕκαστον
631 2240 700 2300 τοῖν
710 2229 835 2313 ὅντων;

240 2336 331 2398 ΦΑΙ.
366 2325 417 2397 Ού
428 2327 473 2416 μή
483 2351 571 2397 ποτε.

123 2449 142 2502 c
241 2434 316 2498 ΣΩ.
349 2426 546 2514 Λόγωνάρα
559 2431 691 2518 τέχνην,
714 2422 873 2518 ωεταῖρε,
896 2429 1159 2523 ὁτήνάλήθειαν

155 2554 199 2612 μή
189 2525 323 2610 εἰδούς,
342 2526 486 2608 ἀύξαςόὲ
496 2528 722 2614 τεθηρενιιύς,
744 2536 879 2615 γελοιαν
888 2556 980 2619 τινα,
1005 2558 1049 2610 ως
1060 2537 1155 2619 ἔοικε,

154 2623 242 2692 ααὶ”
220 2650 359 2709 ατεχνον
369 2628 549 2710 παρέξεται.

240 2729 328 2790 ΦΑΙ.
362 2721 571 2791 Κινδυνεύει.

236 2826 329 2890 XLV.
373 2827 447 2888 ΣΩ.
481 2821 602 2889 Βούλει
624 2814 687 2891 ούν
710 2825 747 2891 ἐν
770 2848 816 2891 τω
842 2831 971 2892 Λυσίον
988 2821 1136 2915 λόγω,“
1118 2852 1157 2894 ον

153 2921 279 3006 φέρεις,
301 2920 356 2987 καὶ
373 2923 409 2987 ἐν
420 2914 510 2997 οἷς
491 2934 583 3005 ήμεϊς
600 2930 735 3008 εἴπομεν
753 2925 836 2990 ἰδεῖν
850 2948 882 2990 τι
900 2948 949 2990 ων
960 2921 1156 3008 φαμὲνάτέ-

152 3043 241 3104 χνων
251 3042 286 3084 τε
297 3020 352 3085 καὶ
362 3015 563 3103 ἐντέχνων
533 3043 631 3096 ειναι;

237 3124 328 3188 ΦΑΙ.
359 3116 504 3186 Πάντων
520 3119 560 3203 γε’
573 3141 640 3186 που
661 3117 817 3205 μάλιστα,
842 3145 887 3198 ως
906 3125 972 3188 νύν
993 3130 1031 3205 γε
1053 3126 1156 3200 ψιλως

152 3239 221 3294 πως
231 3218 386 3302 λεγομεν
399 3213 461 3284 ούα
474 3220 602 3301 ἔχοντες
611 3219 710 3284 ίαανα
721 3221 976 3304 παραδείγματα

235 3318 310 3382 ΣΩ.
341 3317 407 3383 Καὶ
418 3340 485 3402 μην
495 3341 577 3383 κατα
586 3341 691 3401 τνχην
702 3319 742 3400 γε
749 3342 839 3399 τινα,
858 3343 902 3394 ως
913 3320 1037 3402 ἔοικεν,
1056 3318 1154 3403 ἐρρη-

111 3420 132 3472 1)
150 3411 260 3496 θήτην
278 3409 322 3478 τά
342 3412 429 3496 λόγω
446 3414 559 3496 ἔχοντά
572 3438 603 3479 τι
619 3414 842 3500 παράδειγμα,
861 3411 910 3492 οὖς
926 3407 970 3480 ἀν
981 3408 999 3480 ὁ
1011 3410 1155 3493 εἰάἀςτὸ
