2408 3780
68 205 103 261 6⁵
254 197 579 257 ΑΛΚΙΒΙΑΔΗΣ
597 198 862 258 ΔΕΥΤΕΡΟΣ.
1007 195 1071 260 335

67 353 247 444 ιἰγνοήσαις
255 381 290 424 τε
300 357 357 424 καὶ
367 361 514 442 οἰηθείης
525 351 569 422 δν
581 355 684 424 ἄλλον
693 353 780 422 είναί
788 381 877 443 τινα,
901 352 956 446 ἆρ’
969 365 1016 429 ἔτι
1027 355 1070 428 άν
1089 378 1109 427 Β

68 449 574 540 αύτοντολμήσαιςάποκτείναις

151 558 223 620 ΑΛ.
256 549 519 637 ΟύμάτδνΔία.

66 773 129 816 νον
140 743 202 833 [δν]
213 745 372 834 ἠβούλου.
383 739 406 832 ἦ
417 747 498 834 γάρς

150 853 222 916 ΑΛ.
251 853 328 915 Ναί.
942 914 946 921 ,

151 951 226 1013 ΣΩ.
271 942 408 1013 Ούκούν
430 945 486 1012 καλ
513 947 544 1010 εί
569 940 726 1021 πολλάκις
745 944 919 1029 ἐγχειροϊς,
951 945 1012 1011 υίελ
1035 945 1070 1011 δὲ

66 1039 199 1128 άγνοοῑς
209 1041 269 1110 τδν
280 1041 461 1126 Περικλέα,
473 1035 572 1108 ὁπότε
582 1041 711 1125 μέλλοις
721 1047 818 1108 τούτο
831 1040 995 1126 πράττειν,
1008 1039 1070 1108 ού-

66 1164 145 1206 ποτε
156 1135 199 1207 άν
209 1142 339 1207 ε’πύβοιο
350 1136 448 1226 αύτῷ.

151 1244 221 1307 ΑΛ.
257 1235 309 1305 Ού
325 1241 415 1326 δῆτα.

151 1341 226 1405 m.
262 1341 306 1402 Τι’
319 1337 371 1418 δίς
393 1335 453 1404 τὸν
466 1332 620 1421 Ὀρέστην
637 1339 744 1414 δοκεῖς
759 1332 804 1403 άν
820 1358 898 1404 ποτε
915 1343 956 1424 τῇ
972 1339 1069 1424 μητρὶ

66 1437 258 1519 ἐπιθέσθαι,
270 1443 346 1521 είηε
359 1431 514 1513 ὡσαύτως
527 1431 710 1521 ἡγνόησενς

153 1538 221 1601 ΑΛ.
256 1530 329 1601 Οὐκ
341 1531 431 1618 οἶμαι
441 1538 553 1619 ἔγωγε.
1086 1551 1105 1601 c

150 1637 224 1699 Σίλ.
259 1629 311 1698 Ού
321 1628 386 1716 γάρ
397 1631 505 1717 δήπου
518 1628 593 1698 οὐδ’
610 1633 734 1710 ἐκεῖνος
743 1629 806 1717 τὴν
816 1640 1070 1718 προστυχοῦσαν

65 1745 207 1817 γυναῖκα
226 1725 304 1797 ούδὲ
320 1726 382 1814 τὴν
399 1726 544 1796 ὁτουοῦν
559 1729 681 1815 μητέρα
699 1732 855 1798 διενοεῖτο
868 1728 1069 1818 ἀποκτεῖναι,

66 1825 149 1897 άλλά
160 1826 222 1914 την
233 1824 333 1905 αὐτὸς
343 1823 457 1893 αὑτοῦ.

150 1932 221 1995 ΑΛ.
247 1925 456 1993 Ἔστιταῦτα.

149 2031 223 2094 Σίδ.
256 2022 401 2108 Ἀηνοεῖν
417 2021 482 2105 άρα
500 2021 539 2089 τά
558 2047 594 2107 γε
610 2031 745 2090 τοιαῦτα
761 2026 892 2111 βέλτιον
903 2040 970 2104 τοῖς
982 2025 1069 2094 οὕτω

66 2124 281 2209 διακειμένοις
291 2123 347 2190 καὶ
357 2120 509 2199 τοιαύτας
521 2119 617 2200 δόξας
627 2124 767 2206 ἔχουσιν.

148 2228 218 2289 ΑΛ.
251 2227 415 2288 Φαίνεται.

150 2327 225 2389 ΣΩ.
255 2317 352 2408 Ὁρᾷς
370 2310 450 2403 οὖν,
466 2317 517 2386 ὅτι
533 2315 554 2405 ἡ
573 2322 662 2386 ἔστιν
680 2309 727 2386 ὧν
737 2343 773 2386 τε
785 2317 903 2403 άγνοια
914 2321 969 2388 καὶ
981 2324 1069 2387 ἔστιν

64 2414 179 2498 οἷςκαλ
191 2424 303 2503 ἔχουσί
312 2441 382 2496 πως
396 2415 544 2501 ἀγαθόν,
566 2412 639 2484 ἀλλ’
659 2413 701 2484 ού
717 2415 841 2502 κακόν,
866 2416 976 2503 ὥσπερ
993 2416 1067 2501 άρτι

66 2538 118 2585 σοι
132 2516 254 2597 ἐδόκεις

150 2620 219 2681 ΑΛ.
244 2612 382 2681 Ἔοικεν.

149 2718 227 2782 Vlll.
269 2716 344 2780 ΣΩ.
377 2710 447 2779 ”En
474 2716 589 2780 τοίνυν
612 2716 643 2777 εί
665 2709 779 2797 βούλει
806 2708 843 2779 τό
866 2709 947 2797 μετά
968 2717 1105 2781 τούτου

64 2816 270 2897 ἐπισκοπεῖν,
283 2808 408 2879 άτοπον
418 2804 461 2877 άν
472 2817 551 2887 ίσοις
562 2829 614 2876 σοι
626 2808 751 2890 δόξειεν
762 2807 854 2878 εἶναι.

150 2916 218 2978 ΑΛ.
253 2915 295 2978 Τί
303 2908 460 2995 μάλιστα,
473 2900 501 2975 τό
512 2905 704 2992 Σύαρατες;

148 3016 220 3076 ΣΩ.
248 3006 328 3095 Ὅτι,
341 3004 385 3087 ὡς
397 3012 474 3087 ἔπος
490 3012 609 3091 εἰπεῖν,
633 3005 824 3075 κινδυνεύει
834 3006 871 3074 τό
882 3031 920 3091 γε
930 3013 998 3072 τῶν
1009 3002 1069 3072 άλ-

64 3118 134 3178 λοιν
146 3108 334 3192 ἐπιστημῶν
345 3113 462 3192 κτῆμα,
474 3106 534 3174 ἐάν
545 3131 593 3183 τις
605 3104 688 3171 ἄνευ
698 3111 760 3171 τοῦ
770 3109 941 3190 βελτίστου
952 3128 1069 3190 κεκτη·

62 3211 161 3295 μένος
172 3197 208 3294 ᾗ,
226 3202 371 3289 ὀλιγάκις
383 3204 445 3289 μὲν
457 3201 613 3288 ύφελεῑν,
631 3200 789 3289 βλάπτειν
801 3201 836 3269 δὲ
846 3199 886 3269 τά
898 3207 998 3269 πλείω
1009 3201 1070 3269 τὸν

63 3313 180 3393 ἔχοντα
190 3301 281 3372 αύτό.
300 3301 417 3369 σκόπει
427 3301 463 3370 δὲ
475 3293 549 3369 ὦδε.
568 3293 624 3385 ἆρ’
642 3298 704 3368 ούκ
721 3297 903 3384 α’ναγκαῑόν
915 3320 967 3367 σοι
979 3304 1072 3367 δοκεῖ

64 3402 165 3490 εἶναι,
176 3399 259 3470 ὅταν
268 3427 299 3468 τι
309 3402 480 3488 μέλλωμεν
490 3396 565 3487 ἤτοι
576 3397 733 3486 πράττειν
742 3392 764 3485 ἦ
774 3401 900 3485 λέγειν,
912 3403 1070 3481 οίηθῇυαι
