2408 3780
67 200 116 253 111
464 187 670 245 ΘΕΑΓΗΣ.
1010 184 1074 248 381

65 354 280 436 Θουκυδίδην
301 344 363 417 τόν
379 352 554 432 Μελησίου
567 343 645 413 υίὸν
664 351 725 412 τοῦ
747 349 968 414 Θουκυδίδου.
1000 341 1019 414 ὃ
1038 348 1074 415 δέ

65 453 276 536 Θουκυδίδης
296 456 337 536 τῇ
359 453 538 536 προτεραίᾳ
550 470 605 531 μοι
618 441 655 510 δι’
668 442 846 530 ἀπεχθείας
856 448 893 512 έν
903 443 1014 529 λόγοις
1024 469 1074 513 τι,
1091 450 1111 500 Β

67 553 122 619 σίν
134 550 290 636 ἐγεγόνει.
314 545 396 615 ίδοδν
408 537 472 614 οὖν
483 570 523 631 με
535 541 553 612 ὁ
563 540 777 630 Ἀριστείδης,
797 541 908 629 ἐπειδὴ
921 541 1074 629 ἠσπάσα-

67 651 106 718 τό
118 676 151 718 τε
163 640 332 716 καὶτάλλα
344 644 514 730 διελέχθη,
539 645 752 728 Θουκυδίδην
770 646 820 725 δέ,
844 647 924 729 ἔφη,
948 641 1073 729 άκοόω,

69 742 301 835 οἷΣοίκρατες,
327 743 555 829 σεμνύνεσθαι
566 739 648 809 άττα
658 740 741 825 πρὸς
752 742 788 807 σὲ
798 743 854 808 κοιλ
864 748 1074 827 χαλεπαίνειν

68 846 113 927 ως
126 849 155 914 τί
167 845 257 915 όυτα.
286 844 378 912 Ἔστι
390 841 465 928 γάρ,
479 847 564 927 έφην
575 838 655 926 έγιό,
669 838 785 918 οὕτως.
827 846 869 907 Τί
887 844 924 908 δέ
928 871 938 924 3
951 838 1012 910 οὐκ
1025 841 1074 911 υί-

67 952 142 1031 δεν,
155 951 234 1032 ἐφη,
247 947 327 1031 πρὶν
336 944 389 1010 σοὶ
401 942 640 1027 συγγενέσθαι,
654 932 726 1006 οἷον
736 930 781 1025 ἦν
791 937 828 1006 τό
842 936 1074 1026 όνδράποδον;

70 1044 144 1113 Οὐκ
156 1048 242 1112 έοικέ
251 1070 306 1129 γε,
329 1047 415 1127 έφηυ
427 1039 492 1125 ἐγά
500 1089 509 1124 ,
536 1039 577 1125 νὴ
592 1037 671 1117 τούς
685 1038 799 1118 θεοός.
831 1036 927 1107 Ἀλλά
939 1039 1007 1127 μὴν
1017 1041 1074 1109 καὶ

68 1143 169 1222 αὐτός
179 1168 233 1229 γε,
245 1147 325 1228 ἔφη,
338 1139 587 1225 καταγελάστως
599 1143 679 1223 έχω,
698 1129 726 1204 οδ
736 1137 921 1225 Σιόκρατες.
959 1146 1000 1209 Τί
1006 1140 1073 1226 μά-

66 1253 178 1323 λιστα;
198 1248 284 1327 ἔφην
295 1240 369 1326 ε’γοί.
405 1236 492 1322 Ὅτι,
516 1244 597 1324 ἔφη,
619 1239 699 1322 πρὶν
709 1239 929 1325 μένέκπλελν,
942 1236 1111 1331 ότφοῦνῦ

68 1341 240 1431 άνθροίπφ
252 1334 320 1419 οἷός
330 1337 355 1407 τ’
367 1333 410 1426 ἦν
424 1340 636 1424 διαλέγεσθαι
647 1340 701 1405 καὶ
713 1334 855 1423 μηδενός
864 1345 983 1424 χείρων
995 1346 1075 1424 φαί-

68 1449 189 1507 νεσθαι
207 1441 243 1506 έν
261 1453 329 1517 τοϊς
345 1438 473 1524 λόγοις,
497 1435 581 1505 όίστε
598 1437 654 1504 καὶ
672 1438 811 1503 ἐδίωκον
826 1435 883 1514 τάς
895 1443 1076 1515 συνουσίας

69 1546 138 1606 των
155 1536 375 1623 χαριεστάτων
393 1534 604 1622 ἀνθρώπων·
625 1537 703 1602 νυνὶ
720 1534 755 1602 δέ
773 1530 972 1605 τούναντίου
988 1537 1075 1621 φεό-

71 1663 137 1723 γω,
159 1635 203 1702 όν
212 1661 287 1701 τινα
299 1637 353 1702 καί
365 1633 576 1721 αἰσθάνωμαι
593 1638 872 1721 πεπαιδευμένου·
893 1635 1000 1715 οὕτως
1022 1642 1074 1705 αί-

69 1735 234 1820 σχόνομαι
251 1733 353 1820 έπίτῇ
370 1734 516 1818 ἐμαυτοῦ
529 1733 719 1819 φαυλότητι.
739 1731 889 1819 Πότερον
911 1737 962 1819 δέ,
973 1726 1017 1822 ἦν
1039 1735 1070 1802 δ’

71 1832 135 1917 ἐγώ
143 1882 152 1917 ,
172 1833 328 1917 ἐξαίφνης
339 1851 375 1899 σε
387 1830 572 1915 προῦλιπεν
589 1830 672 1918 αὕτη
684 1829 703 1918 ἡ
717 1831 857 1918 δύναμις
868 1827 890 1917 ἢ
901 1830 983 1900 κατά
996 1855 1073 1919 σμι-

67 1932 168 2017 κρόν;
191 1928 283 1998 Κανά
297 1931 439 2015 σμικρόν
447 1980 456 2014 ,
473 1922 495 2016 ἦ
506 1928 539 1998 δ’
551 1927 597 2009 ός.
620 1928 736 1998 Ἡυίκα
748 1931 787 1997 δέ
796 1950 849 1997 σοι
862 1933 1072 2017 παρεγένετο,

68 2024 112 2116 ἦν
124 2026 154 2096 δ’
169 2029 233 2114 ἐγω
242 2079 251 2112 ,
273 2027 416 2115 πότερον
431 2027 574 2115 μαθόντι
586 2025 660 2113 παρ’
672 2031 754 2113 ἐμοῦ
764 2054 795 2094 τι
809 2032 1024 2114 παρεγένετο,
1047 2028 1070 2117 ἥ
1089 2050 1110 2099 [ι

67 2155 131 2196 τινι
144 2125 232 2217 άλλφ
242 2129 372 2216 τρόπῳχ
388 2125 468 2212 ’ὣγό
480 2147 532 2194 σοι
544 2129 624 2213 ἐρεῖ,
644 2132 724 2213 ἔφη,
744 2118 976 2214 άΣάκρατες,
995 2126 1074 2195 άπι-

68 2248 148 2293 στον
160 2229 221 2310 μὲν
231 2223 273 2310 νὴ
286 2223 365 2304 τούς
375 2226 493 2311 θεούς,
514 2221 637 2311 άληθές
648 2227 699 2292 δέ·
720 2224 784 2311 ἐγώ
794 2223 859 2310 γάρ
870 2231 1001 2313 ἔμαθον
1012 2227 1073 2313 μὲν

68 2319 157 2404 παρά
171 2328 233 2390 σοῦ
246 2319 346 2389 οὐδέν
358 2322 506 2408 πώποτε,
526 2319 571 2401 ὡς
587 2320 687 2401 αὐτὸς
699 2321 813 2392 οἶσθα·
838 2327 1012 2392 ἐπεδίδουν
1024 2327 1070 2410 δέ,

67 2419 167 2487 ὁπότε
180 2439 232 2487 σοι
244 2426 391 2506 συνείην,
404 2415 469 2488 κάν
479 2427 509 2489 εί
520 2424 557 2488 ἐν
568 2428 606 2508 τῇ
617 2421 701 2510 αὐτῇ
713 2420 819 2508 μόνον
832 2429 918 2510 οίκίηι
930 2432 1012 2510 είην,
1025 2421 1069 2510 μη

66 2526 167 2610 ἐντῷ
185 2518 275 2609 αὐτῷ
294 2520 330 2589 δέ
348 2521 514 2607 οίκηματι·
546 2525 727 2606 μᾶλλονδὲ
745 2519 846 2590 ὁπότε
862 2524 899 2590 έν
916 2531 963 2612 τῷ
981 2520 1072 2613 αὐτῷ

68 2619 237 2704 οἰκήματι·
265 2619 320 2687 καὶ
336 2623 448 2706 έμοιγε
465 2619 608 2688 ἐδόκουν
624 2619 711 2687 πολι)
722 2625 851 2705 μᾶλλον
864 2619 965 2689 ὁπότε
976 2624 1013 2690 ἐν
1024 2626 1069 2706 τῷ

67 2714 159 2804 αὐτῷ
172 2715 324 2802 οἰκήματι
342 2711 390 2784 τόν
405 2717 562 2803 λέγοντός
579 2736 642 2784 σου
652 2721 805 2805 βλέποιμι
818 2715 964 2805 πρόςσέ,
985 2725 1073 2805 μᾶλ-

65 2825 124 2883 λον
136 2810 157 2900 ἦ
168 2811 267 2883 ὁπότε
279 2812 400 2883 άλλοσε
412 2813 537 2905 όρρόην·
559 2815 647 2884 πολι)
656 2814 691 2884 δέ
702 2814 841 2902 μάλιστα
851 2820 907 2886 καὶ
915 2825 1071 2886 πλείστου
1101 2845 1121 2895 ι

64 2918 256 3000 ἐπεδίδουν,
282 2910 381 2983 ὁπότε
399 2912 474 2999 παρ’
487 2912 591 2982 αὐτόν
609 2934 646 2982 σε
662 2915 996 3003 καθοίμηνέχόμενός
1007 2934 1071 2982 σου

64 3013 118 3079 καὶ
130 3008 321 3098 ἁπτόμενος.
351 3021 417 3081 νῦν
428 3016 480 3099 δέ,
502 3004 524 3099 ἦ
536 3009 568 3078 δ’
581 3009 635 3096 ὅς,
653 3018 742 3080 πάσα
754 3018 860 3100 ἐκείνη
871 3010 891 3101 ἡ
903 3015 968 3094 ἕξις
979 3014 1069 3097 ἐξερ-

64 3134 197 3197 ρυηκεν.

151 3215 226 3277 ΧΙΙΙ.
263 3208 376 3278 Ἔστιν
387 3201 460 3295 οὖν,
473 3202 500 3277 ά
512 3213 645 3296 Θέαγες,
657 3209 791 3297 τοιαότη
803 3206 825 3297 ἡ
835 3206 976 3297 ἡμετέρα
987 3228 1071 3277 συν-

65 3313 178 3375 ουσία·
206 3306 264 3374 ἐάν
281 3308 342 3393 μὲν
358 3317 405 3397 τῷ
420 3316 492 3396 θεῷ
509 3316 609 3395 φίλον
626 3301 665 3396 ᾗ,
687 3308 779 3376 πάνυ
796 3307 884 3376 πολὺ
901 3305 1072 3387 έπιδάσεις
1173 3368 1176 3373 .

64 3407 119 3474 καί
130 3405 230 3493 ταχύ,
251 3411 281 3473 εί
292 3406 326 3474 δὲ
338 3407 401 3493 μή,
425 3404 476 3475 οὔ.
512 3406 575 3492 ὅρα
587 3400 650 3476 οὖν
661 3406 707 3493 μή
719 3426 773 3475 σοι
791 3406 1040 3492 ἀσφαλέστερον
1052 3400 1079 3488 ἦ
