2422 3780
152 110 215 176 136
514 111 619 169 ΠΛΑ
629 109 799 169 ΤΩΝΟΣ

235 275 337 338 Hm.
372 275 529 337 Φαίνεται
539 276 624 353 γοῦν
635 271 672 335 έα
682 275 751 335 τάν
762 275 828 335 νῦν
838 270 1035 354 λεγομένων.

112 386 134 437 3
237 372 312 437 ΣΩ.
345 365 517 451 Δεύτερον
537 363 605 452 μῆν
626 368 700 451 περὶ
720 363 757 432 τδ
775 366 964 451 σύμμετρον
982 368 1036 433 καὶ
1054 365 1159 436 καλὸν

151 469 207 537 καὶ
226 465 263 534 τὸ
283 469 395 535 τέλεον
412 467 467 533 καὶ
484 463 604 532 ἱκανὸν
614 467 669 531 καὶ
680 462 787 535 πάνθ’
800 461 908 533 ὁπόσα
918 473 977 550 τῆς
986 471 1103 549 γενεάς
1114 458 1161 532 αὖ

151 565 273 652 ταύτης
284 568 380 632 ἐστίν.

237 668 339 731 ΠΡΩ.
362 659 472 729 ’Έοαιε
482 667 577 744 γοῦν.

237 767 311 828 Σίδ.
351 755 396 826 Τδ
420 764 536 826 τοίνυν
556 764 684 844 τρίτον,
707 755 750 835 ιδς
771 753 791 841 ῆ
815 753 874 842 ἐμῆ
897 761 1051 841 μαντεία,
1074 764 1161 824 νοῦν

151 866 207 932 καὶ
226 861 391 948 φρόνησιν
408 859 511 937 ταθεὶς
529 856 591 926 οὐκ
608 853 652 925 δν
662 860 744 943 μέγα
759 881 791 925 τι
800 862 857 942 τῆς
869 853 1026 940 ἀληθείας
1037 861 1161 938 παρεξ-

152 963 272 1038 έλθοις.

235 1060 338 1123 nm.
365 1051 470 1131 Ἴσως.

237 1157 311 1222 Σίδ.
340 1143 410 1238 Ἆρ’
431 1143 495 1217 οὖν
511 1148 552 1216 οὐ
569 1152 721 1236 τέταρτα,
744 1147 766 1215 δ
783 1156 841 1234 τῆς
851 1156 958 1234 ψυχῆς
969 1147 1071 1233 αὐτῆς
1082 1153 1161 1216 ἕθε-

153 1278 224 1338 μεν,
243 1248 421 1335 ἐπιστήμας
436 1273 472 1315 τε
489 1249 545 1315 καὶ
556 1251 670 1332 τέχνας
681 1251 735 1314 καὶ
747 1248 843 1327 δόξας
855 1245 962 1330 ὀρθάς
973 1254 1157 1332 λεχθείσας,

115 1367 134 1418 c
152 1345 245 1416 ταῦτ’
260 1346 345 1416 εἶναι
355 1344 395 1414 τά
407 1343 491 1430 πρὸς
501 1358 568 1424 τοῖς
578 1347 664 1432 τρισὶ
674 1348 826 1431 τέταρτα,
845 1355 937 1431 είπερ
949 1353 1013 1415 τοῦ
1023 1343 1158 1430 ἀγαθοῦ

152 1449 220 1516 ἐστὶ
232 1453 359 1533 μᾶλλον
371 1439 414 1531 [ῆ]
427 1451 485 1532 τῆς
496 1441 619 1531 ἡδονῆς
632 1449 774 1530 ξυγγενῆ
781 1473 791 1526 3

235 1549 340 1612 ΠΡΩ.
376 1540 456 1628 Τάχ’
472 1542 524 1610 άυ.
760 1599 761 1602 ,

236 1647 310 1709 Σίλ.
342 1644 498 1726 Πέμπτας
519 1647 649 1721 τοίνυν,
671 1636 845 1727 δι’ςῆδονάς
865 1642 985 1724 ἔθεμεν
1009 1637 1159 1717 ἀλύπους

152 1737 364 1825 ὁρισάμενοι,
392 1737 545 1821 καθαράς
566 1737 832 1823 ἐπονομάσαντες
852 1745 910 1824 τῆς
930 1743 1036 1822 ψυχῆς
1058 1735 1161 1821 αὐτῆς

152 1836 429 1922 ἐπιστῆμας,ταῖς
440 1835 476 1905 δὲ
485 1837 684 1923 αἰσθήσεσιν
695 1838 870 1923 ἑπομένας;

235 1952 337 2016 ΠΡΩ.
360 1948 466 2026 Ἴσως.

236 2067 310 2126 ΣΩ.
339 2058 473 2146 Ἕκτῆδ
485 2063 523 2126 ἐν
532 2067 642 2149 γενεᾷ,
655 2060 758 2146 φησὶν
766 2056 914 2144 Ὀρφεύς,
927 2060 1160 2126 καταπαύσατε

152 2156 282 2241 κόσμον
300 2153 429 2241 ἀοιδῆς·
453 2155 536 2243 ἀτάρ
553 2157 744 2226 κινδυνεύει
753 2152 1003 2243 ααὶδῆμέτερος
1013 2154 1112 2239 λόγος
1123 2160 1161 2221 έν

113 2275 134 2324 Ι)
153 2256 230 2343 ἕκτῃ
241 2257 535 2342 ααταπεπανμένος
546 2253 629 2323 εἶναι
640 2261 754 2342 κρίσει.
776 2252 813 2323 τό
826 2251 866 2341 δῆ
879 2252 958 2339 μετά
969 2248 1066 2319 ταῦθ’
1078 2250 1160 2338 ἡμίν

152 2353 253 2424 οὐδὲν
270 2350 390 2424 λοιπὸν
404 2350 493 2441 πλῆν
510 2352 622 2441 ὥσπερ
632 2351 784 2442 αεφαλῆν
795 2352 981 2423 ἀποδοῦναι
990 2366 1057 2432 τοῖς
1069 2358 1160 2438 εἰρῆ-

152 2456 273 2537 μένοις.

236 2557 341 2619 Hm.
375 2549 597 2637 Οὐκοῦνχρῆ.

235 2669 328 2730 XLII.
371 2669 446 2731 ΣΩ.
469 2663 540 2732 Ἴθι
551 2664 593 2751 δή
600 2713 609 2749 ,
621 2660 658 2732 τὸ
671 2672 782 2750 τρίτον
792 2672 840 2755 τῷ
851 2672 974 2750 σωτῆρι
984 2661 1044 2730 τὸν
1056 2660 1160 2731 αὐτὸν

154 2761 459 2848 διαμαρτυράμενοι
470 2761 574 2849 λόγον
586 2766 821 2849 ἐπεξέλθωμεν.

235 2881 339 2944 ΠΡΩ.
369 2884 477 2945 Ποῖον
489 2877 531 2963 δή
538 2905 546 2956 ;

236 2994 312 3073 ΣΩ.
343 2994 489 3077 Φίληβος
509 2987 662 3075 τάγαθὸν
684 2992 811 3061 ἐτίθετο
832 2986 912 3076 ῆμίν
931 2985 1059 3076 ῆδονῆν
1077 2988 1161 3059 εἶναι

151 3088 330 3154 πάσανααδ
340 3095 496 3175 παντελῆ.

236 3204 340 3270 m.
377 3201 421 3270 Τὰ
439 3209 568 3289 τρίτον,
591 3196 822 3289 άΣάκρατες,
844 3198 890 3282 ὡς
906 3207 1030 3287 ἔοικας,
1054 3209 1161 3289 ἔλεγες

152 3296 271 3381 ἀρτίως
281 3297 341 3369 τὸν
352 3303 385 3383 ἐξ
396 3299 499 3389 ἀρχῆς
510 3305 731 3392 ἐπαναλαβεῖν
743 3307 814 3373 δεῖν
824 3303 935 3389 λόγον.
974 3383 977 3387 ⁴
