2408 3780
334 168 688 227 ΠΑΡΜΕΝΙΔΗΣ
996 166 1034 231 ll

31 328 66 399 Γό
87 342 207 410 ποίους
229 335 334 415 Φαίης
350 321 494 414 ἀνήοῦ,
518 335 610 410 είπερ
622 331 711 396 ἔστιν
721 326 803 398 αὐτό
814 356 845 398 τι
856 332 953 415 γένος
963 330 1033 395 ἐπι-

31 428 164 514 ιτήμης,
187 423 275 494 πολὺ
294 423 374 494 αὐτὰ
394 423 629 512 ἀκριβέστερον
646 424 729 494 εἶναι
744 422 767 512 ή
783 424 844 513 τήν
858 425 937 511 παρ’
951 422 1031 513 ήμῑν

31 525 222 611 ἕπιστήμηνς
252 526 307 594 καὶ
328 524 450 603 κάλλος
470 523 524 592 καὶ
545 516 648 593 τάλλα
671 525 778 592 πάντα
800 524 921 606 οὕτως;
951 530 1029 593 Ναί.

31 620 162 691 δάκοῦυ
179 630 270 705 είπερ
288 648 320 689 τι
336 620 417 690 ἀλλο
435 619 537 709 αὐτῆς
553 621 732 708 ἐπιστήμης
748 625 888 709 μετέχει,
912 621 974 690 οὐκ
987 622 1031 689 ἀν

31 747 92 796 μνα
102 727 229 805 μᾶλλον
241 715 263 806 ή
273 718 358 787 θεὸν
369 726 467 805 φαίης
478 725 563 805 ἔχειν
574 717 636 806 τήν
647 718 887 808 ἀκριβεστάτην
897 722 1032 806 ἐπιστή-

31 843 103 903 ιην;
116 815 270 902 Ἀνάγκη.
301 808 373 898 Ἆρ’
391 809 455 884 οὖν
473 812 542 896 οἷός
558 844 593 885 τε
610 811 655 885 αὖ
671 823 760 886 ἐσται
777 815 937 898 ὁθεόςτά
949 811 1030 903 παρ’
1053 837 1072 883 ιι

31 912 100 1001 ήμῑν
110 913 310 999 γιγνώσκειν
321 912 427 1000 αὐτήν
438 915 620 1003 ἐπιστήμην
631 923 729 1003 ἔχωνς
754 924 797 985 Τί
803 917 867 1003 γάρ
879 917 921 986 σά
928 945 937 998 3
949 915 1028 1001 Ὅτι,

31 1018 82 1098 ἔφη
94 1008 113 1079 ὁ
125 1017 353 1099 Παρμενίδης,
373 1012 685 1102 ώμολόγηταιήμίν,
704 1009 732 1083 ώ
741 1017 934 1102 Σώκρατες,
952 1013 1028 1103 μήτ’

31 1112 128 1178 Γκείνα
137 1107 177 1177 τά
188 1115 258 1196 είδη
268 1109 352 1196 πρός
360 1112 400 1179 τά
410 1109 483 1196 παρ’
493 1109 573 1200 ήμῖν
581 1113 644 1200 τήν
656 1113 799 1200 δύναμιν
808 1112 944 1200 ἔχεινήν
954 1120 1029 1201 ἔχει,

31 1209 99 1294 ιήτε
113 1205 155 1276 τά
167 1206 248 1293 παρ’
259 1207 340 1296 ήμῖν
350 1208 434 1294 πρὸς
445 1213 568 1298 ἐκεῖνα,
581 1209 656 1280 ἀλλ’
667 1209 751 1280 αάτά
763 1214 846 1298 πρὸς
856 1209 940 1279 αὑτά
952 1213 1030 1281 ἐκά·

31 1333 106 1392 τερα.
138 1306 361 1395 Ὡμολόγηται
380 1308 454 1394 γάρ.
491 1307 628 1378 Οὐκοῦν
646 1316 677 1378 εί
692 1307 781 1395 παρά
796 1318 844 1399 τῷ
861 1319 932 1399 θεῷ
943 1308 1027 1397 αὕτη

31 1407 107 1474 ἔστὶν
124 1402 146 1491 ή
163 1404 380 1493 ἀκριβεστάτη
399 1412 571 1475 δεσποτεία
589 1411 644 1475 καί
659 1407 743 1494 αὕτη
765 1405 786 1494 ή
809 1405 1026 1495 ἀκριβεστάτη

31 1505 198 1592 ε’πιστήμη,
221 1503 291 1573 οὔτ’
312 1500 355 1572 ἀν
371 1503 392 1592 ή
412 1510 584 1574 δεσποτεία
599 1504 620 1591 ή
639 1510 777 1574 ἐκείνων
786 1504 883 1594 ήμών
895 1507 973 1574 ποτέ
985 1502 1028 1574 ἀν

31 1603 229 1688 δεσπόσειεν,
251 1601 326 1672 οὔτ’
344 1599 423 1691 ἀνή
441 1603 600 1691 ἐπιστήμη
611 1601 695 1691 ἡμᾶς
705 1610 800 1690 γνοίη
815 1603 896 1672 οάδέ
903 1632 934 1672 τι
946 1604 1027 1672 ἀλλο
1048 1617 1067 1664 E

31 1709 83 1770 τών
94 1698 177 1785 παρ’
190 1699 279 1788 ήμῖν,
291 1700 374 1771 ἀλλά
385 1699 506 1788 ὁμοίως
518 1699 609 1788 ἡμεῖς
621 1698 648 1769 τ’
662 1705 799 1769 ἐκείνων
809 1698 872 1768 οὐκ
884 1700 1028 1787 ἄρχομεν

31 1807 54 1887 τή
71 1796 153 1885 παρ’
173 1797 254 1886 ήμίν
265 1796 350 1888 ἀρχῇ
361 1798 438 1869 οὐδὲ
451 1799 682 1886 γιγνώσκομεν
693 1806 755 1866 τοῦ
767 1806 866 1867 θείου
878 1796 977 1867 οὐδὲν
987 1805 1026 1887 τή

31 1894 158 1987 ήμετέρρι
180 1898 358 1986 ἐπιστήμη,
380 1903 502 1966 ἐκεῖνοί
518 1923 552 1965 τε
570 1889 613 1964 αὖ
630 1897 713 1966 κατά
730 1894 790 1965 τὸν
804 1894 908 1965 αὐτὸν
924 1897 1027 1982 λόγον

31 1993 91 2062 ώτε
112 1995 271 2063 δεσπόται
285 1993 380 2081 ήμώυ
396 1999 480 2065 εἰσίν
496 1995 574 2064 οὔτε
591 1995 815 2081 γιγνώσκουσι
831 1991 871 2062 τά
890 1992 1027 2078 ἀνθρώ-

31 2116 90 2161 ιεια
112 2093 292 2180 πράγματα
313 2099 387 2163 θεοὶ
404 2094 507 2175 ὅντες.
538 2092 633 2164 Ἀλλά
654 2091 699 2181 μή
722 2102 812 2179 λίαν,
834 2099 915 2180 ἔφη,
937 2102 1027 2160 θαν-

31 2211 140 2268 ιαστος
158 2187 176 2258 ὁ
194 2191 292 2276 λόγος
308 2185 346 2280 ή,
363 2202 397 2261 εί
402 2220 450 2273 τις
460 2192 520 2261 τόν
530 2191 615 2261 θεόν
626 2189 860 2278 ἀποστερήσειε
870 2199 931 2259 τοῦ
943 2195 1027 2259 είδέ-

31 2315 79 2356 ιαι.
126 2294 241 2356 Ταῦτα
265 2291 393 2377 μέντοι,
415 2284 443 2359 ώ
462 2290 653 2375 Σώκρατες,
676 2296 739 2376 ἔφη
767 2287 785 2358 ὁ
806 2295 1026 2377 Παρμενίδης,

31 2390 69 2455 ιαὶ
85 2391 135 2455 ἔτι
147 2385 233 2454 ἀλλα
243 2389 327 2472 πρὸς
336 2389 466 2469 τούτοις
477 2389 567 2457 πάνυ
578 2385 685 2457 πολλά
696 2388 879 2474 ἀναγκαῖον
891 2394 976 2472 ἔχειν
987 2382 1027 2454 τά
1045 2398 1094 2451 135

31 2492 102 2574 είδη,
126 2492 158 2554 εί
171 2486 257 2555 εἰσὶν
274 2477 373 2554 αὗται
389 2492 426 2556 αί
442 2491 526 2556 ίδέαι
544 2493 612 2554 τῶν
629 2485 738 2554 όντων
754 2488 808 2554 καὶ
827 2483 964 2571 ὁριεῖταί
977 2511 1025 2564 τις

31 2583 96 2654 ιότό
107 2611 142 2652 τι
152 2584 296 2652 ἕκαστον
309 2584 408 2664 εἶδος·
432 2585 515 2654 ώστε
528 2584 667 2670 ἀπορεῖν
676 2611 711 2652 τε
721 2582 782 2654 τόν
793 2583 961 2653 ἀκούοντα
970 2586 1025 2652 καὶ

31 2681 237 2771 ἱμφισβητεῖν
255 2680 300 2762 ώς
316 2681 393 2751 οὔτε
411 2690 478 2752 ἐστι
495 2691 614 2770 ταῦτα,
639 2693 703 2752 είτε
722 2681 742 2750 ὅ
759 2711 790 2750 τι
807 2684 947 2769 μάλιστα
964 2691 1025 2767 είη,

31 2780 119 2866 ιολλή
137 2779 269 2867 ἀνάγκη
288 2780 373 2850 αάτά
386 2780 470 2852 εἶναι
481 2791 522 2871 τῇ
534 2782 733 2870 ἀνθρωπίνη
743 2781 844 2869 φύσει
855 2779 1024 2868 άγνωστα·

31 2880 65 2946 ταὶ
81 2887 192 2946 ταῦτα
208 2881 347 2965 λε’γοντα
364 2887 475 2950 δοκεῖν
489 2907 525 2949 τε
540 2884 570 2949 τὶ
588 2883 696 2967 λέγειν
706 2887 778 2968 καί,
800 2877 904 2965 ὃάρτι
915 2882 1026 2966 ἐλέγο-

31 3000 90 3063 ιε-ν,
121 2985 328 3064 θαυμαστῶς
350 2975 394 3058 ὡς
415 2979 681 3047 δυσανάπειστον
702 2977 801 3047 εἶναι·
826 2981 880 3046 καὶ
904 2976 1027 3061 ἀνδρὸς

31 3074 102 3143 ιάνυ
114 3074 180 3161 μέν
191 3072 341 3161 εὐφυοῦς
350 3085 413 3145 τοῦ
422 3083 653 3164 δυνησομένου
664 3087 786 3164 μαθεῖν
799 3075 843 3157 ώς
853 3082 920 3143 ἐστι
930 3077 1027 3159 γένος

31 3196 47 3237 τι
54 3174 202 3242 ἑκάστου
213 3177 268 3241 καὶ
281 3173 377 3244 οὐσία
390 3175 472 3263 αὐτή
486 3175 569 3244 καθ’
582 3173 704 3262 αὑτήν,
726 3181 774 3244 ἐτι
786 3177 822 3243 δέ
832 3169 1028 3259 θαυμαστο-
1045 3179 1066 3232 B

31 3274 111 3357 ιε’ρου
130 3279 196 3340 τοῦ
221 3269 423 3360 εὑρήσοντος
444 3277 497 3341 καὶ
519 3272 622 3342 ἀλλον
643 3276 874 3359 δυνησομένου
898 3268 1027 3350 διδάξαι

31 3375 116 3438 ταῦτα
139 3369 252 3438 πάντα
274 3372 398 3451 ίκανώς
419 3372 744 3458 διευκρινησάμενον.
775 3376 947 3457 Συγχωρώ
964 3389 1028 3454 σοι,
