2422 3780
382 115 385 120 Α
464 157 701 215 οιΛΗεοα
910 228 913 233 .
1008 114 1010 119 ⁵
1039 154 1080 216 63

67 310 395 403 προσρηθησόμ-ενον
406 312 664 401 ὀρθωςάμεινον
675 313 798 402 ἡδονῆς
808 341 845 401 γε
856 313 988 401 ἀγαθὸν
998 317 1080 386 εἶναι
1156 368 1159 372 -

66 423 172 502 νοῦν,
184 413 384 499 ἐπιστήμην,
397 413 550 500 σύνεσιν,
562 415 697 499 τέχνην,
709 417 763 481 καὶ
775 413 883 481 πάντα
894 408 939 482 αὖ
949 416 988 483 τά
1000 416 1080 484 τού-

66 539 136 582 των
154 519 313 600 ξυγγενῆ,
335 508 515 579 ἀκτάσθαι
530 516 615 598 δεῖν,
634 509 709 580 ἀλλ’
728 510 800 597 ούχὶ
813 514 930 580 ἐκεῖνα.
953 513 1081 582 τούτων

69 608 110 698 δὴ
128 607 202 698 μετ’
225 608 501 697 ἀμφισβητήσεως
522 613 687 695 ἑκατέρων
707 614 896 696 λεχθέντων
915 610 1007 699 ἡμεῖς
1029 637 1081 682 σοι

68 707 151 795 μετά
168 713 301 788 παιδιᾶς
317 706 557 797 ήπειλήσαμεν,
577 707 621 788 ὡς
636 706 698 777 ούιι
713 707 886 797 ἀφήσομεν
903 715 1019 779 οίιιαδέ
1033 732 1079 798 σε,

68 809 151 894 πρὶν
163 800 208 874 ἀν
215 807 346 875 τούτων
355 815 423 881 των
433 809 542 892 λόγων
551 813 652 894 πέρας
661 807 780 876 ίκανὸν
788 812 925 895 γένηταί
929 836 962 876 τι
974 814 1079 893 διορι-
1097 819 1116 868 Ε

71 901 233 975 σθίντων.
256 904 300 973 σύ
317 903 357 992 δὴ
376 907 608 994 σονεχοόρησας
624 910 679 975 καλ
695 911 819 986 ἔδωκας
831 913 876 986 είς
887 906 989 976 ταῦθ’
1001 906 1081 996 ἡμῖν

74 1004 210 1089 σαυτόν,
223 1002 316 1091 ἡμεῖς
327 1007 363 1073 δὲ
375 1003 415 1092 δὴ
427 1009 582 1093 λέγομεν,
595 1005 749 1089 καθάπερ
761 1009 796 1072 οί
804 1010 932 1090 παῖδες,
951 1005 1002 1075 ότι
1013 1016 1080 1075 των

69 1102 184 1188 ὀρθῶς
195 1107 366 1172 δοθέντων
378 1102 552 1191 ἀφαίρεσις
563 1101 625 1172 οὐκ
637 1110 718 1174 έστι·
742 1111 866 1172 παῦσαι
878 1103 919 1193 δὴ
930 1105 990 1174 τόν
1001 1108 1081 1192 τρό-

68 1228 134 1270 πον
147 1200 228 1289 ἡμῖν
240 1199 399 1270 ἀπαντῶν
408 1211 529 1271 τοῦτον
541 1205 592 1271 ἐπὶ
603 1203 642 1270 τά
655 1211 720 1270 νῦν
731 1205 903 1290 λεγόμενα.

153 1307 230 1369 ΣΩ.
266 1309 348 1369 Τίνα
362 1306 482 1387 λέγεις;
1078 1364 1079 1367 ,

154 1405 257 1468 Hm.
291 1406 350 1478 Είς
368 1398 511 1484 ἀπορίαν
527 1402 701 1488 ἐμβάλλων
718 1404 772 1472 καὶ
783 1401 961 1490 ἀνερωτων
973 1396 1023 1471 οἷν
1034 1402 1078 1493 μή
1096 1413 1131 1467 20

70 1497 253 1586 δυναίμεθ’
273 1494 316 1566 ἀν
334 1497 454 1585 ίκανὴν
470 1497 649 1585 ἀπόκρισιν
665 1503 703 1569 ἐν
718 1509 766 1592 τρῖ
786 1501 926 1587 παρόντι
948 1504 1078 1572 διδόναι

69 1621 133 1667 σοι.
153 1596 203 1686 μήΙ
215 1596 281 1685 γάρ
299 1598 449 1685 οίολμεθα
461 1601 553 1679 τέλος
568 1596 648 1686 ἡμῖν
665 1597 749 1667 εἶναι
765 1607 833 1667 τῶν
844 1609 909 1668 νῦν
918 1599 980 1686 τὴν
991 1603 1078 1669 πάν-

68 1724 138 1765 των
149 1694 246 1784 ἡμῶν
263 1695 423 1782 ἀπορίαν,
445 1694 518 1765 ἀλλ’
538 1703 569 1765 εί
578 1701 663 1786 δρᾷν
675 1696 774 1765 τοῦθ’
787 1695 879 1784 ἡμεῖς
890 1696 1078 1766 ἀδυνατού-

20 1867 25 1873 ,
68 1822 141 1884 μεν,
157 1797 210 1864 σοὶ
222 1800 395 1882 δραστέον·
407 1793 554 1882 ὑπέσχου
564 1797 638 1882 γάρ.
649 1795 817 1883 βουλεύου
829 1797 868 1883 δὴ
881 1795 963 1880 πρὸς
974 1805 1077 1865 ταῦτα

67 1894 188 1982 αύτός,
207 1894 349 1981 πότερον
365 1892 486 1981 ἡδονῆς
497 1900 568 1982 είδη
581 1915 633 1963 σοι
644 1896 700 1963 καὶ
711 1896 887 1983 ἐπιστήμης
898 1900 1078 1983 διαιρετέον

67 1992 159 2083 ήκαλ
178 1999 309 2082 ἐατέον,
332 2003 364 2063 εί
378 2020 424 2082 πη
440 1992 523 2063 καθ’
543 1994 659 2078 ἕτερόν
679 2019 753 2062 τινα
774 1995 904 2079 ,τρόπον
924 1989 993 2074 οἶός
1007 1994 1032 2064 τ’
1051 1997 1079 2064 εί

67 2096 124 2161 καὶ
140 2091 257 2180 βούλει
275 2098 424 2180 δηλῶσαί
439 2117 509 2172 πως
527 2093 634 2172 ἄλλως
650 2090 690 2160 τά
708 2102 773 2161 νῦν
783 2093 1078 2180 ἀμφισβητούμενα

41 2189 147 2277 ,παρ’
160 2186 242 2279 ἡμῖν

155 2297 232 2360 ΣΩ.
267 2291 394 2360 Δεινόν
409 2291 472 2378 μὲν
489 2298 605 2359 τοίνυν
627 2296 672 2357 ἐτι
693 2295 886 2379 προσδοπᾷν
908 2288 1007 2359 οὐδὲν
1029 2296 1115 2359 δείΒ

66 2390 128 2459 τόν
138 2391 213 2477 ἐμέ,
237 2388 348 2478 ἐπειδή
365 2388 464 2460 τοῦθ’
485 2389 592 2469 οὕτως
603 2389 704 2468 είπες·
729 2386 765 2456 τό
778 2388 842 2473 γάρ
854 2394 884 2455 εί
891 2388 1006 2475 βούλει
1018 2391 1078 2475 ῥη-

67 2488 133 2558 θέν
143 2487 217 2556 λύει
227 2489 337 2557 πάντα
349 2490 459 2577 φόβου
469 2490 617 2558 εἰιάστων
630 2490 712 2571 πέρι.
730 2485 814 2571 πρός
825 2488 860 2552 δὲ
871 2483 982 2566 αὐτοῖς
992 2487 1078 2582 μυή-Ι

20 2670 23 2679 .
67 2615 135 2676 μην
145 2586 223 2656 τινά
237 2593 386 2667 δοκελτίς
397 2613 452 2674 μοι
464 2589 643 2655 δεδωκέναι
654 2593 747 2653 θεῶν
756 2582 845 2672 ἡμῖν.

20 2774 22 2779 Ι
152 2692 256 2757 nm.
285 2685 610 2773 Πῶςδὴιιαλτίνωνς

20 2812 25 2867 ς
142 2793 194 2854 X.
238 2793 312 2854 ΣΩ.
343 2785 466 2871 Λόγων
483 2787 563 2853 ποτέ
576 2811 677 2853 τινων
692 2782 1077 2872 πόλαιάιιούσαςόναρὴ

20 2928 26 2995 'fi
69 2888 124 2954 ιιαλ
134 2883 326 2972 ἐγρηγορώς
337 2893 402 2953 νύν
419 2889 526 2954 ἐννοῶ
538 2891 615 2969 περί
628 2909 664 2952 τε
674 2881 795 2970 ἡδονὴς
807 2887 861 2955 καὶ
872 2886 1076 2972 φρονήσεως,

20 2998 29 3123 η
70 2981 112 3064 ὥς
130 2981 312 3068 οὐδέτερον
328 2980 445 3051 αὐτοῖν
461 2984 528 3052 ἐστὶ
543 2980 711 3069 τάγαθόν,
734 2978 809 3051 ἀλλ’
822 2983 904 3052 ἀλλο
915 3012 945 3053 τι
956 2994 1077 3068 τρίτον,

20 3130 24 3179 1
69 3084 186 3171 ἕτερον
195 3082 257 3170 μὲν
267 3082 406 3170 τούτων,
419 3082 556 3169 ἀμεινον
568 3082 603 3151 δὲ
615 3081 748 3169 ἀμφοῖν.
771 3091 878 3152 καίτοι
889 3081 976 3151 οὕτω
987 3108 1024 3167 γε
1036 3076 1078 3148 ἀν

20 3184 24 3247 ἰ
69 3186 218 3269 ἐναργῶς
233 3178 313 3268 ἡμῖν
330 3187 422 3272 φανή
437 3191 517 3266 νῦν,
540 3178 745 3267 ἀπήλλακται
761 3181 823 3266 μὲν
839 3177 942 3270 ἡδονὴ
954 3186 1015 3247 τού
1026 3194 1114 3247 νι-λ)

20 3278 24 3317 '²
69 3288 151 3371 ιιᾷν·
175 3276 213 3349 τό
232 3277 300 3367 γάρ
323 3277 456 3366 ἀγαθόν
472 3277 536 3348 οὐκ
552 3274 596 3346 ἀν
611 3284 659 3346 ἐτι
674 3277 797 3346 ταύτδν
814 3275 900 3368 αὐτῇ
917 3286 1079 3366 γίγνοιτο·

20 3392 24 3399 ’
70 3375 197 3461 ἀποδω
