2408 3780
92 188 128 243 95
427 183 497 241 AN
505 182 659 241 ΤΕΡΑΣ
667 184 726 241 ΤΑ
734 184 759 240 1.
1038 184 1102 249 365

47 396 59 433 .=
93 345 330 418 λασταίνοντας
347 342 402 409 καὶ
419 348 697 427 παρανομοῦντας
712 338 826 427 ὀρθῶς
836 344 984 426 κολάζεις
1009 341 1101 431 ούχὴ

50 502 58 535 ;
95 441 285 524 δικαστικής
304 443 381 506 Ναί.
410 430 451 505 Ἦ
466 437 570 524 ἀλλην
583 430 647 505 οῦν
658 464 731 506 τινα
743 447 853 517 καλεῖς
864 441 918 507 καλ
930 441 1102 507 δικαιοσύ-

93 563 158 624 νην
168 533 190 624 ἢ
200 538 341 624 ταύτηνς
355 533 438 622 Ούκ,
450 535 533 605 ἀλλά
542 537 676 625 ταύτην.
701 533 837 605 Ούκοῦν
848 527 934 623 ᾗπερ
943 537 1105 618 κολάζου-

47 702 50 709 ,
94 657 148 703 σιν
159 632 281 720 ὀρθῶς,
291 635 394 724 ταύτη
403 637 457 704 καὶ
468 635 693 723 γιγνώσκουσι
703 631 782 714 τοῦς
791 632 1016 720 χρηστοῦςκαλ
1024 633 1141 715 τοῦςῖ.

93 732 304 825 μοχθηρούςς
320 733 440 822 Ταύτῃ.
455 732 565 814 Ὅστις
577 736 613 801 δὲ
624 735 683 800 ἕνα
693 733 880 818 γιγνώσκει,
891 735 948 802 καὶ
959 731 1103 813 πολλοῦς

94 833 273 916 γνώσεταις
293 837 372 900 Ναί.
404 834 470 899 Καὶ
488 829 578 911 ὅστις
595 857 632 916 γε
651 828 795 909 πολλοῦς
805 827 934 916 ἀγνοεῖ,
957 833 1011 898 καὶ
1025 832 1102 913 ἕνας

47 922 49 931 ’
94 938 191 1018 Φημί.
222 937 267 1000 Εἰ
285 929 350 1015 ἀρα
364 934 464 1010 λ’ππος
481 926 531 998 ών
547 928 667 1015 ἀγνοοῖ
680 927 758 1008 τούς
774 927 936 1015 χρηστούς
952 933 1007 998 καὶ
1024 930 1104 1010 τοῦς

93 1028 263 1116 πονηρούς
282 1033 419 1115 ἵππους,
441 1025 505 1096 κάν
528 1027 631 1107 αὑτὸν
653 1025 785 1114 ἀγνοοῖ,
812 1027 906 1106 ποῖός
925 1033 974 1108 τίς
997 1030 1102 1108 ἐστινς

94 1135 191 1214 Φημί.
223 1131 289 1195 Καὶ
311 1133 340 1196 εἰ
359 1135 443 1216 βοῦς
464 1123 513 1195 ών
534 1126 654 1213 ἀγνοοῖ
672 1124 751 1205 τοῦς
768 1124 937 1213 πονηρούς
954 1127 1009 1194 καὶ
1025 1124 1103 1206 τοῦς

93 1222 256 1314 χρηστούς
266 1232 395 1314 *βοῦς*,
408 1221 471 1294 κάν
483 1224 587 1294 αὑτὸν
595 1224 727 1312 ἀγνοοῖ,
738 1225 831 1304 ποῖός
843 1234 891 1305 τίς
900 1228 1005 1307 ἐστινς
1018 1232 1102 1310 Ναί,

94 1331 166 1411 ἔφη.
203 1321 302 1391 Ούτω
321 1323 360 1410 δὴ
378 1326 481 1393 καλεῖ
500 1324 609 1407 κύωνς
624 1320 807 1412 Ὡμολόγει.
834 1331 876 1391 Τι’
895 1323 946 1406 δ’ς
968 1321 1104 1392 ἐπειδὰν

94 1421 275 1509 ἅνθρωπός
286 1449 333 1502 τις
343 1419 391 1490 ών
402 1420 507 1512 ἀγνοῇ
517 1422 596 1502 τούς
604 1420 766 1510 χρηστούς
778 1422 831 1489 καὶ
843 1420 1034 1508 μοχθηρούς
1043 1419 1104 1488 ἀν·
1121 1430 1173 1488 138

96 1522 275 1609 θρώπονς,
294 1514 349 1603 ἀρ’
364 1519 425 1607 οὐχ
437 1518 542 1589 αὑτὸν
560 1520 688 1606 ἀγνοεῖ,
711 1521 854 1607 πότερον
865 1519 1004 1606 χρηστός
1015 1522 1103 1587 ἐστιν

95 1616 116 1706 ἢ
128 1619 284 1706 πονηρός,
296 1615 408 1703 ἐπειδὴ
421 1621 475 1687 καὶ
486 1616 777 1704 αύτδςάνθρωπός
788 1622 893 1700 ἐστινς
904 1617 1100 1705 Ξννεχώρει.

96 1715 142 1785 T&
163 1715 195 1784 δ’
214 1716 333 1785 ἑαυτὸν
350 1713 484 1803 ἀγνοεῖν
500 1731 690 1804 σωφρονεῖν
707 1718 797 1786 ἐστὶν
807 1711 830 1803 ἦ
841 1714 885 1805 μὴ
898 1731 1103 1804 σωφρονεῖνς

96 1812 154 1903 Μὴ
178 1830 376 1901 σωφρονεῖν.
411 1812 456 1883 Τδ
470 1813 666 1902 ἑαντόνάρα
678 1814 879 1902 γιγνώσκειν
890 1818 956 1884 ἐστὶ
967 1835 1103 1903 σωφρο-

94 1928 180 1994 νεῖνς
204 1919 309 2000 Φημί,
332 1918 406 2001 ἔφη.
443 1911 544 1982 Τοῦτ’
568 1912 648 2000 ἀρα,
674 1910 720 1993 ώς
736 1918 838 2001 ἔοικε,
861 1911 898 1981 τδ
910 1917 946 1981 ἐν
957 1921 1104 1999 Δελφοῖς

92 2015 227 2101 γράμμα
239 2011 513 2099 παρακελεύεται,
535 2013 761 2101 σωφροσύνην
779 2011 892 2081 ἀσκεῖν
909 2014 963 2081 καὶ
977 2017 1103 2080 δικαιο-

94 2115 211 2199 σύνην.
235 2111 373 2181 Ἔοικεν.
410 2119 459 2200 Τῇ
478 2109 565 2202 αύτῇ
581 2115 618 2182 δὲ
634 2110 738 2201 ταύτῃ
755 2114 809 2181 καὶ
827 2113 978 2194 κολάζειν
991 2110 1104 2195 ὀρθῶς

94 2209 312 2296 ε’πιστάμεθας
324 2216 401 2278 Ναί.
430 2206 569 2279 Ούκοῦν
579 2202 602 2299 ᾖ
612 2209 673 2297 μὲν
684 2210 835 2292 κολάζειν
846 2209 960 2296 ὀρθῶς
970 2211 1103 2278 ἐπιστύ-

94 2320 194 2396 μεθα,
207 2305 401 2395 δικαιοσύνη
412 2306 495 2394 αῦτη
507 2311 606 2395 ἐστίν,
618 2301 639 2397 ᾖ
650 2310 686 2376 δὲ
697 2309 949 2395 διαγιγνώσκειν
959 2311 1014 2377 καὶ
1024 2311 1102 2378 ἑαν-
1118 2327 1137 2377 Β

93 2406 154 2477 τδν
166 2410 221 2477 καὶ
234 2406 372 2493 ἀλλους,
394 2406 598 2494 σωφροσύνη
608 2433 617 2488 ς
629 2405 778 2491 Ἔοικεν,
791 2411 865 2492 ἔφη.
903 2403 1034 2475 Ταῦτδν
1045 2403 1101 2492 ἀρ’

100 2508 165 2576 ἐστὶ
176 2507 229 2575 καὶ
241 2504 435 2592 δικαιοσύνη
447 2506 502 2573 καὶ
513 2502 735 2591 σωφροσύνης
758 2510 925 2573 Φαίνεται.

179 2611 257 2674 VIII.
295 2606 361 2672 Καὶ
378 2604 445 2691 μην
461 2602 550 2671 οὕτω
566 2628 605 2691 γε
621 2603 675 2672 καὶ
692 2607 729 2672 αλ
742 2604 854 2683 πόλεις
870 2595 910 2672 εά
921 2607 1102 2688 οἰκοῦνται,

92 2702 174 2772 ὅταν
190 2708 225 2771 ολ
238 2700 432 2782 ἀδικοῦντες
452 2707 548 2789 δίκην
566 2706 712 2770 διδώσιν.
744 2700 867 2790 Ἀληθῆ
885 2705 1006 2789 λέγεις,
1028 2707 1101 2789 ἔφη.

91 2803 158 2873 Καὶ
169 2799 318 2890 πολιτικὴ
332 2799 427 2889 ἀραὴ
441 2799 525 2889 αύιή
536 2804 634 2870 ἐστιν.
665 2801 855 2880 Ξυνεδόκει.
891 2807 932 2870 Τί
948 2805 986 2869 δε’
990 2830 999 2883 ς
1020 2800 1103 2869 ὅταν

93 2897 140 2981 εἷς
151 2898 236 2989 ἀνὴρ
248 2898 361 2987 ύρθώς
373 2900 472 2969 πόλιν
490 2905 598 2989 διοικῇ
605 2950 615 2988 ,
639 2898 745 2987 ὅνομά
755 2925 793 2986 γε
805 2918 915 2990 τούτῳ
927 2897 968 2969 ού
978 2900 1103 2987 τύραν-

91 2998 151 3078 νύς
167 3025 202 3066 τε
219 3001 275 3069 καὶ
291 2998 465 3087 βασιλεύςς
485 3006 582 3087 Φημί.
617 2996 756 3068 Οὐκοῦν
767 3006 922 3088 βασιλικῇ
933 3024 968 3067 τε
979 2999 1033 3067 καὶ
1043 3024 1103 3067 τω-

92 3104 234 3186 ραννικῇ
252 3100 348 3186 τέχνη
367 3103 498 3180 διοικεῖς
522 3095 648 3176 Οὕτως.
681 3097 748 3164 Καὶ
765 3087 863 3166 αύται
879 3095 934 3181 ἀρ’
954 3101 991 3166 αἱ
1004 3093 1103 3165 αὐταὶ

91 3200 201 3283 τέχναι
213 3198 296 3264 εἰσὶν
306 3199 460 3278 ἐκείναιςς
471 3202 661 3264 Φαίνονται.
688 3202 730 3264 Τί
738 3199 776 3265 δέ
781 3224 791 3278 ς
804 3193 886 3265 ὅταν
897 3190 944 3277 εἷς
956 3191 1004 3266 ών
1015 3193 1101 3284 ἀνὴρ
1121 3218 1139 3272 C
1182 3240 1186 3253 =

92 3300 200 3364 οἰκίαν
209 3300 317 3382 διοικῇ
329 3292 451 3383 ὀρθώς,
463 3302 498 3365 τί
505 3294 612 3383 ὄνομα
621 3295 727 3386 τούτω
737 3299 842 3378 ἐστίνς
854 3294 917 3366 οὐκ
927 3295 1103 3383 οἰκονόμος

91 3397 190 3461 τεκαὶ
205 3392 381 3481 δεσπότηςς
393 3400 470 3462 Ναί.
493 3395 645 3477 Πότερον
655 3387 718 3463 οῦν
729 3396 785 3463 καὶ
796 3385 894 3474 οὗτος
906 3394 1101 3478 δικαιοσύνη
1118 3466 1137 3525 ’,1
