2408 3780
153 167 216 233 144
513 171 798 231 ΠΛΑΤΩΝΟΣ
1144 181 1161 235 6

85 349 135 404 176
234 339 286 402 lV.
331 327 427 399 Μετά
438 337 558 415 ταῦτα,
581 335 660 417 ἔφη,
679 334 933 410 κατακλινέντες
942 338 1004 400 τοῦ
1015 332 1160 418 Σωκρά-

151 455 229 509 τους
247 431 300 498 καί
319 428 556 515 δειπνήσοντος
570 431 624 497 καὶ
635 435 702 497 τῶν
712 427 841 513 ἄλλων,
865 431 1013 509 σπουδάς
1023 454 1058 498 τε
1070 437 1160 514 σφοῖς

152 527 371 616 ποιήσασθαι,
394 531 448 596 καὶ
467 526 612 616 ᾅσαντος
629 520 1161 614 τὸνθεόνκαῖτάλλατάνομιζό-

151 653 235 713 μενα
246 630 424 710 τρέπεσθαι
434 626 518 711 πρὸς
528 623 588 692 τόν
599 625 717 693 πότου·
739 623 800 694 τόν
811 618 876 694 ούν
885 631 1084 694 Παυσανίαν
1095 633 1159 713 ἔφη

152 726 256 810 λόγου
272 723 428 792 τοιούτου
444 720 535 802 τἰνὸς
549 721 733 809 κατάρχειν.
765 722 863 808 Είεν,
885 722 1019 809 ἄνδρες,
1042 724 1158 808 φάναι,

151 830 226 891 τίνα
237 822 363 912 τρόπον
373 826 478 911 ῥᾷστα
492 823 654 908 πιόμεθα;
676 819 740 907 ἐγῶ
752 826 814 908 μὲν
825 814 890 890 νύν
902 824 987 907 λέγω
999 819 1095 908 ὑμῖν,
1109 821 1160 890 ὅτι

152 929 197 1012 τῷ
209 920 281 989 ὄντι
292 921 383 989 πάνυ
392 928 539 1007 χαλεπῶς
549 926 611 1005 ἔχω
623 917 688 988 ὑπό
700 928 762 989 τοῦ
772 921 852 1008 χθὲς
862 922 969 988 πότου
980 923 1034 989 καὶ
1045 924 1160 1007 βέομαι

153 1019 323 1107 ἀναψυχῆς
339 1019 446 1106 τινός,
471 1017 560 1105 οἶμαι
576 1018 612 1087 δὲ
629 1021 684 1088 καί
694 1016 793 1105 ὑμῶν
802 1018 881 1100 τούς
892 1020 1051 1098 πολλούς·
1073 1044 1160 1102 παρ-

37 1192 42 1201 ,
118 1139 136 1188 Β
151 1126 229 1204 ῆστε
245 1117 310 1203 γάρ
327 1121 420 1203 χθές·
443 1125 621 1184 σκοπεῖσθε
638 1111 718 1203 ούν,
736 1126 800 1186 τίνι
819 1119 931 1207 τρόπῳ
943 1114 987 1185 όν
1000 1115 1043 1197 ῶς
1054 1121 1159 1207 ρηῖοτα

154 1223 316 1301 πίνοιμεν.
348 1213 409 1284 τὸν
420 1206 485 1282 οὖν
498 1212 718 1302 Ἀριστοφάνη
730 1222 851 1301 εἰπεῖν,
877 1223 983 1283 Τοῦτο
995 1218 1108 1301 μέντοι
1119 1203 1158 1283 εὖ

151 1317 272 1400 λέγεις,
297 1305 324 1381 ῶ
334 1318 527 1397 Παυσανία,
548 1312 585 1380 τό
604 1316 702 1381 παντὶ
718 1312 831 1404 τρόπω
849 1313 1159 1401 παρασκευάζεσθαι

152 1412 330 1503 ρητστῶνην
344 1410 420 1479 τινὰ
436 1410 647 1497 τῆςπόσεως·
670 1408 800 1497 καὶγὰρ
811 1409 912 1492 αύτός
923 1418 988 1499 εἰμι
1000 1420 1067 1481 τῶν
1081 1413 1159 1499 χθὲς

153 1513 433 1599 βεβαπτισμένον.
466 1509 657 1579 ἀκούσαντα
675 1502 739 1578 οὖν
749 1508 862 1579 αὐτῶν
873 1518 936 1600 ἔφη
946 1509 1156 1599 Ἐρυξίμαχον

153 1610 212 1678 τόν
223 1608 443 1697 Ἀκουμενοῦ,
461 1601 506 1676 'H
512 1616 636 1696 καλῶς,
660 1609 780 1697 φάναι,
803 1614 924 1697 λέγετε.
956 1614 1010 1680 καὶ
1024 1616 1070 1679 ἔτι
1084 1610 1159 1691 ἑνός

154 1713 267 1794 δέομαι
279 1706 376 1793 ὑμῶν
388 1705 548 1793 άκοῶσαι,
571 1716 641 1787 πῶς
652 1714 715 1795 ἔχει
726 1708 810 1793 πρός
819 1709 857 1778 τό
869 1714 1037 1797 ἐρρῶσθαι
1049 1717 1155 1780 πίνειν

149 1805 313 1893 Ἁγάθων.
349 1804 528 1894 Οὐδαμῶς,
552 1808 673 1894 φάναι,
698 1806 771 1877 οὐδ’
792 1806 1054 1895 αι’πόςέρρωμιιι.
1080 1807 1158 1894 Ἕρ-

119 1925 138 1976 G
153 1931 253 1993 μαιον
266 1901 309 1974 ἄν
322 1915 371 1993 εῖη
384 1903 480 1994 ἡμῖν,
492 1899 513 1992 ῆ
526 1903 556 1973 θ’
570 1905 623 1993 ὅς,
636 1904 680 1986 ῶς
691 1912 809 1993 ἔοικεν,
821 1912 894 1993 ἐμοί
901 1931 936 1974 τε
948 1904 1157 1990 καῖἈριστο-

155 2006 248 2095 θῆμηι
259 2006 315 2073 καὶ
326 2009 461 2095 Φαίδρῳ
472 2005 527 2072 καὶ
538 2009 664 2090 τοῖσδε,
681 2011 713 2074 εί
721 2004 813 2092 ὑμεῖς
824 2010 858 2072 ολ
867 2004 1091 2072 δυνατώτατοι
1103 2012 1158 2072 πί-

154 2129 225 2170 νειν
243 2110 310 2170 νῶν
326 2101 539 2188 άπειρῆκατε·
559 2099 652 2188 ἡμεῖς
669 2100 804 2189 μὲνγὰρ
817 2101 867 2170 ἀεὶ
878 2100 1045 2170 ἀδύνατοι.
1079 2113 1158 2172 Σω-

153 2201 256 2287 κράτη
269 2197 302 2268 δ’
316 2204 432 2284 ἐξαιρῶ
444 2201 562 2286 λόγου·
581 2199 697 2280 ίκανός
713 2204 778 2287 γάρ
796 2205 850 2270 καλ
867 2200 1055 2290 ἀμφότερα,
1079 2202 1145 2270 ῶστ

154 2303 318 2387 ἐξαρκέσει
336 2297 426 2391 αύτῷ
443 2296 578 2388 ὁπότερ’
590 2295 634 2368 άν
644 2307 800 2387 ποιῶμεν.
832 2299 943 2388 ἐπειδὴ
957 2294 1021 2368 οὖν
1032 2328 1087 2387 μοι
1100 2305 1158 2368 δο-

154 2414 206 2468 κεῖ
220 2398 329 2479 οὐδεὶς
344 2406 412 2467 τῶν
429 2398 606 2482 παρόντων
617 2398 801 2486 προθύμως
812 2403 898 2485 ἔχειν
908 2395 991 2485 πρὸς
1001 2396 1038 2467 τὸ
1051 2398 1159 2467 πολύυ

154 2505 261 2565 πίνειν
280 2496 389 2582 οἶνον,
412 2507 491 2574 ῖσως
508 2492 552 2563 άν
568 2496 632 2580 ἐγῶ
650 2500 725 2581 περὶ
742 2507 803 2566 τοῦ
812 2499 1060 2585 μεθύσκεσθαι,
1085 2494 1159 2569 οἷόν

153 2600 236 2679 ἐστι,
258 2593 388 2680 τάληθῆ
408 2598 514 2677 λέγων
534 2586 636 2678 ῆττον
652 2591 695 2661 άν
712 2606 784 2681 εῖην
801 2595 913 2684 άηόῆς.
947 2600 1018 2684 ἐμοὶ
1034 2597 1099 2684 γάρ
1117 2597 1157 2683 δὴ

117 2716 138 2765 1)
156 2694 254 2762 τοῦτό
267 2718 305 2779 γε
317 2690 406 2777 οἶμαι
416 2690 602 2779 κατάδηλον
614 2695 787 2776 γεγονέναι
797 2698 833 2763 ίκ
850 2705 908 2783 τῆς
923 2703 1085 2784 ἰατρικῆς,
1109 2695 1159 2764 ὅτι

155 2791 300 2879 χαλεπόν
320 2804 389 2869 τοῖς
411 2786 605 2876 άνθράποις
625 2787 646 2877 ῆ
669 2794 756 2876 μέθη
778 2794 860 2859 ἐστί·
883 2796 937 2862 καί
958 2794 1034 2863 ούτε
1059 2791 1160 2874 αὐτὸς

155 2888 242 2958 ἑκῶν
263 2886 347 2956 εἶναι
364 2886 479 2977 πόρρω
496 2887 691 2975 ἐθελήσαιμι
706 2886 751 2957 άν
767 2903 854 2959 πιεῖν
870 2889 947 2959 οὔτε
964 2893 1052 2984 ἄλλω
1072 2914 1160 2981 ουμ·

154 2986 387 3076 βουλεύσαιμι,
412 2985 519 3066 ἄλλως
538 3012 572 3054 τε
591 2987 645 3055 καὶ
655 2995 888 3072 κραιπαλῶντα
900 2995 946 3058 ἔτι
961 2990 996 3057 ἐκ
1006 2998 1064 3076 τῆς
1075 3016 1161 3077 προ-

155 3091 293 3172 τεραίας.
321 3081 415 3152 Ἀλλά
427 3084 510 3171 μῆν,
527 3089 592 3172 ἔφη
604 3086 709 3171 φάναι
719 3085 930 3173 ὑπολαβόντα
942 3093 1090 3175 Φαῖδρον
1100 3091 1159 3161 τὸν

155 3182 429 3271 Μυρρινούσιον,
453 3186 559 3271 ἔγωγέ
567 3206 621 3253 σοι
633 3194 738 3253 εἴωθα
749 3191 929 3255 πείθεσθαι
940 3186 1048 3268 άλλως
1059 3215 1094 3257 τε
1106 3195 1160 3260 καὶ

155 3281 227 3350 ἅττ’
239 3278 282 3350 άυ
293 3284 367 3369 περὶ
379 3289 526 3371 ἰατρικῆς
537 3288 647 3373 λέγης·
670 3291 736 3352 νῦν
747 3281 793 3369 δ’,
816 3280 860 3352 άν
871 3277 911 3354 εὖ
922 3288 1160 3373 βουλεύωνται,

117 3405 137 3452 ε’,
154 3384 209 3448 καὶ
228 3385 261 3448 ολ
277 3389 395 3449 λοιποί.
429 3390 532 3449 ταῦτα
550 3382 591 3468 δὴ
608 3380 817 3462 ἀκούσαντας
834 3400 1017 3472 συγχωρεῖν
1035 3387 1162 3466 πάντας
