2408 3780
151 148 216 211 ειο
511 147 797 208 ααΑνιιαοΣ
873 101 874 104 ¹
1119 158 1155 212 ss

153 318 285 398 πάντως
298 327 394 399 θείας
410 319 495 388 εἰναι
508 320 564 388 καί
577 322 704 408 μακράς
719 323 917 406 διηγησεως,
941 309 968 410 ᾦ
983 318 1019 387 δὲ
1033 327 1153 404 ἔοικεν,

152 419 369 510 ἀνθρωπίνης
378 448 414 490 τε
423 424 480 490 καὶ
489 419 790 508 ἐλάττονος·ταύτη
798 411 861 488 ούν
871 422 1028 509 λέγωμεν.
1050 424 1153 491 ἐοικέ-

151 550 197 592 τω
214 522 254 612 δὴ
268 522 429 614 ξυμφύτῳ
445 522 585 611 δυνάμει
598 519 788 610 ὑποπτέρου
802 521 938 609 ζεύγους
951 526 1051 592 τεκαὶ
1061 519 1153 610 ἡνιό-

151 653 221 713 χου.
247 632 341 696 θεων
354 626 415 715 μὲν
429 616 491 695 ούν
504 631 600 695 ἵπποι
615 652 651 694 τε
664 627 720 694 καὶ
733 620 860 712 ἡνίοχοι
873 625 995 704 πάντες
1009 623 1108 694 αύτοί
1118 653 1154 694 τε

19 774 24 787 ·
113 753 136 804 Β
153 726 277 817 ἀγαθοὶ
297 730 353 798 καί
372 732 405 811 ἐξ
425 724 582 815 ἀγαθοῖν,
602 725 639 796 τὸ
655 725 692 796 δὲ
704 731 772 796 τοῖν
785 723 896 796 ἀλλων
909 730 1077 816 μέμικται·
1098 730 1154 796 κοιλ

150 831 284 921 πρῶτον
297 833 361 920 μὲν
374 827 498 920 ἡμωνὸ
514 827 627 918 άρχων
639 832 823 918 ξυνωρίδος
836 825 978 918 ἡνιοχεῖ,
1001 831 1071 900 εἰτα
1086 834 1154 898 των

84 996 88 1005 .
150 939 264 1003 ἵππων
277 929 294 1002 ὅ
309 934 371 1022 μὲν
385 928 477 1024 αύτῷ
490 932 589 1012 καλός
603 934 704 1001 τεκαὶ
717 930 846 1019 ἀγαθὸς
860 934 916 1001 καὶ
931 935 968 1001 ἐκ
981 931 1153 1020 τοιούτων,

151 1032 168 1103 ὁ
180 1036 217 1104 δὲ
228 1039 260 1118 ἐξ
274 1041 437 1106 ἐναντίων
446 1063 481 1104 τε
490 1036 547 1104 καί
557 1039 722 1114 ἐναντίος·
736 1034 863 1123 χαλεπὴ
875 1032 915 1122 δὴ
927 1037 982 1103 καὶ
993 1035 1154 1114 δύσκολος

151 1140 185 1220 ἐξ
198 1133 343 1226 ἀνάγκης
357 1135 463 1227 ἡπερί
476 1133 559 1226 ἡμᾶς
572 1133 749 1225 ἡυιόχησις.
772 1142 820 1226 πῇ
835 1135 875 1226 δὴ
889 1128 952 1205 ούυ
959 1136 1089 1226 θνητὸν
1098 1139 1156 1206 καὶ

152 1236 323 1308 ἀθάνατον
336 1244 419 1324 ζάον
433 1238 574 1327 ἐκλήθη,
593 1243 768 1328 πειρατέον
783 1248 899 1310 εἰπεῖν.
926 1243 1016 1308 πάσα
1030 1237 1049 1328 ἡ
1064 1238 1155 1326 ψυχὴ

151 1340 273 1421 παντὸς
287 1345 489 1430 ἐπιμελεῖται
502 1346 562 1410 τοῦ
575 1339 718 1430 ἀψύχου,
732 1341 841 1412 πάντα
854 1343 890 1410 δέ
899 1338 1044 1425 ούρανόν
1058 1366 1153 1427 περι-

152 1452 262 1531 πολεῖ,
277 1441 390 1513 άλλοτ’
407 1449 444 1515 ἐν
457 1442 568 1523 ἀλλοις
583 1451 686 1514 εἰδεσι
698 1447 894 1534 γιγνομένη·
907 1445 1002 1511 τελέα
1015 1444 1076 1530 μὲν
1090 1434 1154 1511 οὖν

70 1582 73 1587 ·
117 1567 136 1618 c
153 1537 236 1615 ούσοι
249 1549 305 1616 καὶ
318 1550 528 1636 ἐπτερωμένη
541 1564 828 1639 μετεωροπορεῖτε
841 1547 897 1614 καί
907 1544 1015 1613 πάντα
1023 1544 1082 1615 τὸν
1095 1544 1152 1614 κό-

153 1644 1154 1740 σμονδιοικεῖ·ἡδέπτερορρυήσασαφέρεται,ἐωςάνστερεού

153 1749 241 1830 τινὸς
254 1748 485 1841 ἀντιλάβηται,
506 1743 548 1822 ού
565 1763 830 1837 κατοικισθεῖσα,
852 1754 944 1838 σῶμα
962 1750 1080 1838 γήῖνον
1093 1759 1152 1818 λοι-

152 1857 271 1941 βούσα,
286 1850 366 1923 αύτό
375 1850 456 1924 αὑτὸ
466 1859 591 1924 δοκούν
603 1869 711 1924 κινεῖν
724 1852 779 1923 διά
790 1851 851 1940 τὴν
859 1856 986 1940 ἐκείνης
996 1853 1152 1940 δύναμιν,

153 1958 239 2037 ζωον
252 1954 288 2025 τὸ
303 1955 435 2045 ξύμπαν
449 1957 592 2045 ἐκλήθη,
607 1955 696 2044 ψυχὴ
709 1956 765 2024 καὶ
778 1959 872 2044 σῶμα
886 1958 1008 2042 παγέν,
1023 1953 1153 2043 θνητόν

151 2057 179 2124 τ’
198 2065 293 2145 ἔσχεν
306 2063 517 2147 ἐπωνυμίαν·
531 2055 702 2129 ἀθάνατον
717 2059 752 2127 δὲ
766 2053 837 2127 οὐδ’
852 2060 884 2140 ἐξ
895 2055 967 2137 ἑνὸς
982 2057 1083 2146 λόγου
1096 2066 1151 2126 λε-

151 2164 367 2248 λογισμένον,
387 2159 471 2230 ἀλλά
481 2160 667 2248 πλάττομεν
685 2157 763 2229 ούτε
783 2159 911 2240 ἰδόντες
932 2158 1008 2230 ούτε
1029 2165 1153 2238 ίκανοῖς

115 2276 137 2326 Ι)
155 2260 332 2349 νοήσαντες
339 2262 434 2350 θεόν,
449 2259 619 2332 ἀθάνατόν
629 2290 659 2332 τι
668 2267 762 2351 ζῶον,
777 2269 853 2350 ἐχον
866 2263 928 2350 μὲν
941 2261 1060 2351 ψυχήν,
1075 2269 1154 2349 ἐχον

152 2363 188 2432 δέ
202 2369 312 2455 σῶμα,
333 2365 393 2435 τὸν
406 2363 459 2435 άεί
474 2366 510 2434 δὲ
523 2364 644 2453 χρόνον
663 2369 766 2434 ταῦτα
786 2364 1032 2454 ξυμπεφυκότα.
1068 2361 1154 2433 ἀλλά

150 2468 329 2556 ταῦταμὲν
345 2467 396 2556 δή,
410 2465 476 2556 ὅπη
486 2473 534 2559 τῷ
545 2472 618 2558 θεῷ
627 2475 738 2556 φίλον,
752 2467 856 2556 ταύτη
866 2471 964 2556 ἐχέτω
978 2495 1013 2536 τε
1027 2469 1083 2536 καὶ
1097 2475 1152 2535 λε-

150 2569 279 2654 γέσθω·
299 2568 361 2657 τὴν
375 2566 407 2638 δ’
424 2576 534 2639 αἰτίαν
547 2575 603 2658 τῆς
616 2574 684 2639 τῶν
696 2576 828 2659 πτερῶν
841 2567 1024 2658 ἀποβολῆς,
1047 2566 1093 2637 δι’
1110 2565 1154 2656 ἣν

151 2674 257 2757 ψυχῆς
271 2669 426 2761 ἀπορρεῖ,
442 2671 606 2762 λάβωμεν.
633 2681 702 2743 ἐστι
717 2676 757 2743 δέ
764 2701 813 2752 τις
825 2672 947 2741 τοιάδε.

236 2784 337 2844 XXVI.
372 2778 534 2862 Πέφνκευ
566 2773 586 2865 ἡ
612 2780 736 2864 πτερού
763 2774 903 2862 δύναμις
928 2772 965 2842 τὸ
993 2774 1155 2861 ἐμβριθὲς

149 2871 246 2962 άγειν
259 2872 329 2944 ἀνω
343 2887 593 2967 μετεωρίζουσα,
607 2869 631 2967 ᾗ
644 2876 680 2946 τδ
694 2883 762 2947 των
774 2880 868 2947 θεων
877 2878 973 2965 γένος
981 2881 1080 2944 οἰκεῖ·
1097 2904 1154 2946 κε-

149 2976 334 3068 κοινώνηκε
356 2983 396 3050 δέ
413 3007 459 3071 πη
480 2981 620 3070 μάλιστα
639 2984 707 3049 τῶν
728 2981 805 3068 περὶ
822 2977 859 3049 τὸ
872 2983 967 3066 σῶμα
980 2983 1040 3046 τού
1053 2986 1155 3049 θείου

113 3101 134 3153 ω
151 3079 273 3171 [ψυίήλ
301 3080 337 3152 τὸ
354 3083 390 3153 δὲ
404 3094 502 3154 θεῖον
514 3081 629 3169 καλόν,
645 3083 763 3170 σοφόν,
778 3080 919 3171 ἀγαθόν,
936 3082 992 3150 καὶ
1006 3084 1075 3149 πάν
1088 3078 1107 3149 ὅ
1121 3110 1155 3151 τι

150 3189 318 3256 τοιοῦτον·
332 3186 460 3267 τούτοις
472 3185 513 3274 δὴ
526 3188 686 3274 τρέφεταί
696 3213 731 3254 τε
745 3185 800 3254 καὶ
813 3181 946 3268 αύξετοιι
959 3179 1101 3271 μάλιστά
1116 3210 1156 3268 γε

150 3285 188 3356 τὸ
198 3293 255 3378 τῆς
265 3294 372 3378 ψυχῆς
381 3292 547 3376 πτέρωμα,
558 3292 685 3380 αἰσχρῷ
695 3287 732 3358 δὲ
741 3288 899 3379 καὶκακῷ
911 3288 1042 3365 καὶτοῖς
1053 3289 1148 3355 ἐναν-

81 3404 103 3465 ,21
135 3395 225 3464 τίσις
237 3399 362 3472 φθινει
377 3418 414 3459 τε
426 3391 483 3460 καί
499 3388 679 3461 διόλλυται.
692 3386 710 3460 ὁ
724 3391 785 3479 μὲν
801 3388 842 3480 δὴ
854 3393 956 3479 μέγοις
969 3384 1102 3476 ἡγεμών
1116 3391 1157 3458 ἐν

132 3474 168 3559 .'
207 3490 374 3578 νῷΖεύς,
392 3493 557 3568 ἐλαύνων
569 3493 700 3588 πτηνὸν
715 3491 818 3587 άρμα,
835 3489 1161 3582 πρῶτοςπῦωὶῦὶωι,
