2408 3780
164 141 224 213 148
521 127 807 208 ’πΛΑυοαοΣ
1144 114 1202 229 w'f

162 310 284 378 τούτου
303 309 339 376 δὲ
357 314 411 377 καί
428 307 448 396 ἡ
465 314 590 376 Πελίου
607 309 761 393 θυγάτηρ
771 305 945 392 ’Ἁλκηστις
957 305 1079 392 ἱκανήν
1090 334 1176 396 μαρ-

162 418 279 494 πυρίαν
290 410 464 494 παρέχεται
475 405 559 491 ὑπὲρ
569 410 667 473 τοῦδε
678 413 739 472 του
749 404 852 488 λόγου
864 409 909 483 εἰς
920 403 1176 494 τούςἝλληνας,
1201 467 1202 470 ,

161 506 445 593 ἐθελήσασαῖμόνη
459 503 542 588 ὑπὲρ
553 510 614 571 τοῦ
632 501 734 589 αὐτῆς
751 499 874 584 ἀνδρός
890 498 1092 588 ἀποθανεῖν,
1116 503 1177 572 όν·
1197 591 1198 594 ¹

127 625 145 676 c
163 631 229 672 των
253 601 343 692 αὐτῷ
361 603 484 686 πατρός
506 627 541 668 τε
563 603 618 668 καὶ
639 600 777 686 μητρός·
802 597 862 677 οδς
884 603 990 686 ἐκείνη
1012 608 1176 670 τοσοῦτον
1190 603 1202 621 “’

162 700 381 789 ὑπερεβάλετο
394 708 434 789 τῇ
444 707 538 789 φιλίᾳ
551 700 604 766 διὰ
623 696 682 767 τόν
693 703 814 786 ἔρωτα,
835 696 919 765 ὥστε
932 696 1102 780 ἀποδεῖξαι
1113 698 1176 769 αό-
1193 698 1196 707 '

161 798 239 878 τούς
258 797 451 883 ἀλλοτρίους
469 798 568 878 όντας
579 804 624 888 τῷ
637 800 767 866 νίεῖκαλ
778 795 916 884 ὀνόματι
927 798 1034 885 μόνον
1046 800 1173 886 προσή·
1194 786 1200 799 ”

162 923 297 975 κοντας·
316 899 370 964 καὶ
384 893 476 964 τοῦτ’
495 900 699 983 ἐργασαμένη
719 894 755 963 τδ
768 900 867 979 ἔργον
879 894 968 962 οὕτω
981 895 1088 964 καλὸν
1100 901 1174 966 ἔδο-

162 1005 217 1076 ξεν
227 995 431 1079 ἐργάσασθαι
443 991 484 1061 οὐ
493 995 600 1081 μόνον
611 993 804 1079 ἀνθρώποις
814 991 896 1062 ἀλλά
907 996 961 1062 καὶ
972 1003 1073 1079 θεοῖς,
1089 995 1173 1064 ὥστε
1202 1077 1204 1080 ⁴

152 1101 296 1160 ’πολλῶν
315 1092 419 1159 πολλοὶ
442 1095 495 1160 καὶ
512 1091 596 1161 καλά
616 1096 850 1179 ἐργασαμένων
873 1090 1109 1179 εόαριθμήτοις
1132 1094 1194 1181 δή

162 1211 247 1259 τισιν
257 1196 377 1259 ἔδοσαν
388 1198 485 1259 τοῦτο
499 1195 596 1276 γέρας
608 1196 641 1259 οί
651 1198 741 1276 θεοί,
761 1194 793 1271 ἐξ
805 1189 921 1258 ’Ἅιδου
933 1190 1061 1260 ἀνεῖναι
1073 1193 1173 1261 πόλιν
1192 1226 1196 1279 j

10 1380 13 1385 Ι
162 1287 224 1374 τήν
246 1290 370 1376 ψυχήν,
402 1287 486 1357 ἀλλά
514 1289 576 1376 τὴν
597 1293 724 1376 ἐκείνης
748 1287 883 1357 ἀνεῖσαν
905 1286 1107 1375 ἀγασθέντες
1127 1298 1172 1383 τῷ

124 1412 145 1462 1)
164 1395 265 1477 ἔργῳ·
288 1385 376 1455 οὕτω
395 1388 449 1456 καὶ
466 1390 541 1455 θεοὶ
559 1386 621 1474 τήν
638 1389 711 1469 περὶ
722 1385 783 1453 τόν
794 1392 899 1474 ἔρωτα
911 1387 1062 1475 σπονδήν
1072 1415 1108 1457 τε
1119 1391 1173 1457 καί

162 1484 283 1572 ἀρετήν
300 1486 441 1572 μάλιστα
459 1493 605 1572 τιμῶσιν.
634 1484 753 1570 Ὀρφέα
771 1489 807 1552 δὲ
823 1483 883 1553 τόν
902 1487 1052 1573 Οίάγρον
1073 1485 1172 1573 ἀτελῆ

162 1583 359 1670 ἀπέπεμψαν
377 1589 409 1666 ἐξ
423 1583 554 1671 Ἅιδου,
573 1583 688 1671 φάσμα
699 1588 861 1664 δείξαντες
872 1593 929 1671 τῆς
940 1582 1098 1670 γυναικός
1115 1583 1169 1671 ἐφ’
1189 1672 1193 1679 Ι

161 1679 204 1769 ἢν
220 1674 318 1768 ήκεν,
342 1681 448 1770 αὐτήν
465 1684 500 1752 δὲ
519 1681 559 1750 οὐ
585 1681 714 1766 δόντες,
739 1680 789 1750 ὅτι
811 1688 1075 1769 μαλθακίζεσθαι
1096 1682 1172 1752 έδό-
1187 1692 1196 1771 'j

162 1806 229 1866 κει,
249 1779 306 1846 ότε
320 1774 367 1847 ἀν
376 1780 582 1870 κιθαρῳδός,
603 1783 657 1848 καὶ
674 1779 715 1848 οὐ
728 1787 854 1869 τολμᾷν
865 1783 962 1848 ἕνεκα
975 1787 1036 1847 τοῦ
1052 1786 1174 1865 ἔρωτος

162 1877 393 1965 ἀποθνήσκειν
406 1877 708 1966 ὥσπερἍλκηστις,
732 1877 814 1946 ἀλλά
829 1884 1096 1965 διαμηχανᾶσθαι
1107 1885 1173 1961 ζῶν
1184 1894 1198 1921 ·“

163 1979 297 2045 είσιέναι
314 1983 360 2057 είς
373 1976 497 2046 ’Ἅιδου
522 1978 687 2063 τοιγάρτοι
706 1976 759 2044 διά
771 1986 872 2044 ταῦτα
885 1981 980 2063 δίκην
993 1974 1083 2066 αὐτῷ
1096 1970 1190 2046 ἐπέ-ἶ

128 2095 147 2142 Ε
166 2084 288 2160 θεσαν,
312 2078 365 2142 καὶ
384 2078 541 2161 ἐποίησαν
557 2073 618 2142 τόν
635 2075 787 2142 θάνατον
803 2072 907 2141 αὐτοῦ
925 2071 989 2142 ὑπὸ
1003 2083 1174 2161 γυναικοῖν

162 2176 330 2258 γενέσθαι,
343 2171 403 2258 οὐχ
415 2170 526 2259 ὥσπερ
537 2169 681 2259 Ἀχιλλεά
692 2173 752 2242 τὸν
764 2181 820 2260 τῆς
830 2178 964 2254 Θέτιδος
974 2175 1050 2241 υίόν
1061 2177 1174 2261 έτίμη·

163 2290 227 2336 σαν
241 2270 294 2337 καὶ
306 2274 352 2349 είς
368 2271 528 2357 μακάρων
541 2271 665 2358 νήσους
676 2270 890 2358 ἀπέπεμψαν,
903 2271 953 2341 ὅτι
965 2274 1174 2360 πεπυσμένος

163 2364 252 2452 παρά
265 2375 322 2454 τῆς
333 2367 455 2455 μητρός
467 2365 511 2447 ὥς
522 2366 724 2439 ἀποθανοῖτο
736 2368 932 2451 ἀποκτείνας
948 2369 1105 2458 Ἕκτορα,
1129 2369 1174 2458 μή

163 2463 356 2545 ἀποκτείνας
373 2467 408 2534 δὲ
424 2475 544 2535 τοῦτον
561 2466 670 2536 οἴκαδ’
688 2465 800 2536 έλθών
819 2467 955 2555 γηραιός
972 2469 1173 2554 τελευτήσει,
1198 2470 1202 2475 ’

163 2562 342 2650 ἐτόλμησεν
360 2566 494 2632 ἑλέσθαι
517 2566 688 2652 βοηθήσας
711 2573 755 2656 τῷ
777 2570 898 2656 ἐραστῇ
914 2567 1098 2656 Πατρόκλῳ
1117 2566 1186 2634 καί.

99 2677 146 2732 180
163 2660 349 2748 τιμωρήσας
367 2660 407 2730 οὐ
423 2663 531 2749 μόνον
550 2658 821 2748 ὑπεραποθανεῖν
839 2663 923 2732 ἀλλά
935 2666 988 2733 καὶ
1000 2669 1175 2733 έπαποθα·

165 2772 235 2825 νεῖν
245 2761 503 2847 τετελευτηκότι·
523 2759 608 2830 ὅθεν
626 2759 665 2848 δή
683 2761 737 2830 καὶ
755 2757 1044 2850 δπεραγασθέντες
1055 2765 1090 2829 οί
1099 2764 1175 2831 θεοὶ

165 2858 388 2942 διαφερόντως
401 2857 506 2928 αὐτὸν
518 2863 690 2948 ἐτίμησαν,
709 2859 760 2929 ότι
770 2857 830 2927 τόν
841 2858 983 2947 ἐραστήν
998 2859 1086 2927 οὕτω
1099 2862 1181 2946 περῖ
1199 2904 1202 2909 -

164 2962 291 3023 πολλοῦ
308 2959 457 3026 ἐποιεῖτο.
492 2961 656 3045 Αἰσχύλος
674 2960 708 3028 δὲ
726 2966 872 3045 φλυαρεῖ
880 2958 1019 3044 φάσκων
1029 2955 1175 3043 Ἀχιλλέα

163 3054 361 3142 Πατρόκλου
379 3058 475 3146 έρηῑν,
498 3051 534 3136 ὃς
549 3048 593 3143 ήν
616 3064 763 3125 καλλίων
783 3053 824 3124 οὐ
845 3056 953 3142 μόνον
974 3057 1176 3140 Πατρόκλου

163 3150 247 3219 ἀλλά
260 3156 313 3221 καὶ
327 3153 525 3241 τιόνήριόων
543 3154 717 3240 ἀπόντων,
742 3157 796 3223 καὶ
813 3160 858 3222 ἔτι
876 3152 1040 3241 ἀγένειος,
1064 3161 1176 3223 ἔπειτα

165 3252 326 3336 νεώτερος
337 3254 440 3340 πολύ,
454 3252 499 3333 ἀς
511 3274 614 3340 φησιν
626 3251 779 3338 Ὅμηρος.
793 3249 876 3319 ἀλλά
888 3250 953 3338 γάρ
968 3259 1012 3340 τῷ
1025 3251 1099 3321 ὄντι
1110 3254 1177 3340 μά-

128 3365 148 3411 ιι
165 3353 257 3414 λιστα
269 3351 329 3436 μὲν
348 3351 474 3438 ταύτην
483 3348 546 3437 τήν
558 3348 680 3436 ἀρετήν
692 3352 726 3416 οί
740 3350 815 3417 θεοὶ
826 3356 943 3437 τιμῶσι
953 3347 1016 3437 τήν
1028 3351 1102 3436 περὶ
1114 3350 1178 3421 τόν

950 3522 995 3726 λ
