2422 3780
64 190 84 243 3
417 187 736 246 ΣΤΜΠΟΣΙΟΝ.
1016 189 1074 252 141

68 344 130 413 τόν
145 371 181 413 τε
199 357 393 431 κατηγορεῖς
409 347 462 410 καὶ
479 341 558 422 τούς
574 343 710 431 ἄλλους,
734 353 787 415 καὶ
804 352 911 428 δοκεῖς
928 376 982 434 μοι
1001 349 1076 418 άτε-

67 450 156 529 χνῶς
176 444 303 521 πάντας
324 441 465 521 ἀθλίους
486 439 640 528 ἡγεῖσθαι
661 441 749 530 πλήν
766 447 987 533 Σωκράτους,
1009 448 1073 516 άπὸ

68 549 198 609 σαυτοῦ
215 540 407 628 ἀρξάμενος.
439 541 493 608 καί
506 537 634 608 ὁπόθεν
646 541 724 609 ποτὲ
736 544 861 630 ταύτην
873 543 935 630 τήν
945 550 1075 614 ἐπωνυ-

69 646 149 726 μίαν
165 643 280 726 ἔλαβες
295 635 332 705 τό
351 637 490 723 μανικὸς
508 647 699 722 καλεῖσθαι,
723 639 785 710 οὐκ
802 642 876 711 οἶδα
899 650 1016 731 ἔγωγε·
1040 652 1076 714 ἐν

69 738 131 823 μὲν
141 736 207 820 γάρ
218 750 285 815 τοῖς
295 735 407 821 λόγοις
418 733 468 802 άεὶ
478 743 628 816 τοιοῦτος
639 735 680 804 εἶ·
703 748 815 828 σαυτῷ
826 766 862 807 τε
872 744 927 809 καί
937 758 1004 821 τοῖς
1015 742 1076 811 άλ·

69 845 138 914 λαις
150 833 331 923 άγριαίνεις
342 832 429 922 πλὴν
439 835 652 918 Σωκράτους.

153 941 289 1003 ΑΠΟΛ.
319 926 360 1001 Ὦ
376 940 526 1020 φίλτατε,
548 936 602 1002 καὶ
620 936 722 1020 δήλόν
739 962 776 1021 γε
788 936 828 1023 δή
841 935 891 1005 ότι
902 937 989 1006 οὕτω
1002 946 1074 1007 δια·
1093 955 1114 1004 Ε

68 1034 253 1120 νοούμενος
269 1032 324 1100 καὶ
340 1033 415 1116 περὶ
432 1033 576 1116 ἐμαυτοῦ
592 1037 646 1100 καὶ
663 1037 737 1120 περὶ
748 1032 843 1121 ὑμῶν
854 1043 1008 1125 μαίνομαι
1021 1041 1076 1106 καὶ

68 1139 255 1217 παραπαίω.

83 1257 85 1261 ’
153 1238 274 1300 ΕΤΑΙ.
310 1226 729 1318 Οόαάξιονπερὶτοότων,
748 1230 991 1352 Ἀπολλόδωρε,
1010 1243 1075 1302 νῦν

70 1333 203 1415 ἐρίζειν·
237 1325 310 1397 ἀλλ’
336 1325 417 1413 άπερ
440 1327 602 1413 ἐδεόμεθα
624 1349 703 1416 σου,
728 1328 773 1415 μή
797 1327 904 1412 άλλως
925 1334 1073 1422 ποιήσῃς,

69 1425 152 1496 άλλά
165 1428 333 1552 διήγησαι,
346 1433 433 1504 τίνες
446 1419 533 1511 ήσαν
544 1428 579 1493 οί
586 1427 688 1512 λόγοι.
1143 1501 1144 1505 ς

153 1535 288 1595 ΑΠΟΛ.
319 1520 777 1595 Ησαντοίνυνέιιεῐνοιτοιοί
763 1532 811 1594 ίδε
823 1531 924 1608 τινές·
948 1537 1074 1614 μᾶλλον

73 1624 101 1694 δ’
115 1629 148 1707 ἐξ
161 1625 262 1713 ἀρχῆς
272 1623 368 1712 ὑμῖν,
380 1652 424 1704 ως
435 1627 554 1702 ἐκεῖνος
568 1628 725 1710 διηγεῖτο,
738 1629 791 1692 καί
804 1624 867 1711 ἐγά
881 1629 1077 1714 πειράσομαι
1094 1640 1145 1700 174

72 1726 300 1812 διηγήσασθαι.

153 1831 188 1891 11
224 1823 310 1911 Ἐφη
331 1819 395 1909 γάρ
417 1849 448 1891 οι
441 1822 628 1908 Σωκράτη
650 1824 796 1907 ἐντυχεῖν
811 1828 1018 1941 ’λελουμένον
1041 1854 1075 1895 τε

70 1927 123 1991 και
133 1922 193 2004 τάς
206 1921 351 2011 βλαύτας
361 1921 623 2009 ὑποδεδεμένον,
636 1948 656 1986 α
640 1917 791 2000 “ἐκεῑνος
802 1919 974 2008 ὀλιγάνις’
958 1933 1074 1993 εποίει·

69 2048 123 2090 παι
113 2021 325 2104 ἐρέσθαι’
284 2019 388 2115 αυτόν
400 2021 477 2090 ὅποι
488 2033 533 2091 λοι
545 2018 633 2089 οὕτω
644 2015 745 2097 καλός
760 2026 986 2143 γεγενημένος.
1021 2027 1075 2092 καὶ

70 2121 129 2190 τόν
147 2121 289 2191 είπὲίν”
269 2149 319 2190 οτι
329 2120 396 2190 Ἐπί
413 2126 550 2190 δειπνον
561 2125 607 2197 είς
614 2115 814 2203 Ἀγάθωνος
849 2120 977 2206 χθὲς
938 2147 1002 2208 γαρ
1014 2121 1076 2189 αὐ-

70 2218 131 2288 τόν
143 2224 303 2305 διέφυγον
313 2235 381 2300 τοϊς
393 2223 579 2302 ἐπινικίοις,
601 2218 808 2304 φοβηθεις
774 2245 834 2286 τον
845 2217 961 2305 ὄχλον·
986 2220 1075 2307 άμο-

69 2321 195 2407 λόγηοα
212 2317 243 2388 δ’
264 2326 310 2398 είς
326 2321 470 2407 τήμερον
481 2321 693 2402 παρέσεσθαι.
727 2326 830 2384 ταῦτα
841 2316 880 2403 δή
894 2321 1075 2387 ἐκαλλωπι-

71 2418 198 2506 σάμην,
210 2423 265 2487 ἵνα
276 2427 376 2497 καλός
388 2443 476 2503 παρα
489 2413 593 2484 καλὸν
604 2424 653 2482 ίω.
687 2412 769 2481 άλλά
782 2414 841 2499 σά,
859 2409 883 2501 ή
895 2413 927 2481 δ’
942 2415 993 2501 ός,
1007 2425 1077 2497 πῶς

70 2523 152 2603 ἔχεις
162 2516 245 2602 πρὸς
255 2516 292 2585 τδ
305 2519 433 2584 ἐθέλειν
446 2511 489 2583 άν
501 2518 585 2582 ἰέναι
596 2512 736 2599 άιιλητος
745 2515 797 2581 ἐπὶ
808 2518 960 2597 δείπνον;
971 2513 1074 2600 νάγά,
1092 2528 1112 2578 Β

69 2621 150 2702 ἔφη,
172 2614 266 2683 εἷπον
284 2614 335 2683 ότι
348 2613 465 2693 Οὕτως
482 2609 571 2691 ὅπως
588 2607 632 2679 άυ
651 2609 694 2679 σύ
712 2611 856 2701 αελεάης.
882 2611 986 2681 Ἕπου
1008 2623 1077 2681 τοί-

69 2739 134 2782 νυν
141 2717 277 2800 ,ἔφη,“
261 2741 316 2781 ινα
327 2711 428 2780 καὶ
392 2741 454 2800 την
465 2716 643 2796 παροιμιαν
654 2714 902 2797 διαφθειρωμεν
912 2716 1077 2801 μεταβαλ

69 2821 200 2898 λοντες,
224 2810 269 2892 άς
284 2811 348 2899 άρα
364 2814 419 2880 καί
434 2809 609 2897 άγαθων’
593 2811 644 2877 επι
663 2813 774 2888 δαιτας
789 2819 880 2877 ἴασιν
897 2808 1077 2898 αὐτόματοι

70 2910 202 2998 άγαθοί.
230 2909 374 3037 Όμηρος
391 2908 528 2997 μὲνγὰρ
545 2907 735 2977 κινδυνεύει
752 2909 792 2976 οὐ
803 2908 909 2996 μόνον
921 2915 1076 2995 διαφθει·

72 3036 127 3093 ραι
145 3007 230 3079 άλλά
248 3007 488 3097 καιδβρίσαιεί
488 3006 711 3096 ςταάτηντήν
722 3017 915 3095 παροιμίαν·
938 3010 1076 3094 ποιήσας

70 3105 135 3194 γάρ
154 3107 214 3176 τόν
220 3106 447 3196 Ἀγαμέμνονα
464 3109 688 3193 διαφερόντως
699 3106 832 3194 άγαθὸν
843 3106 949 3193 άνδρα
961 3107 1000 3173 τά
1014 3132 1076 3175 πο·
1095 3117 1115 3170 (λ

72 3206 205 3293 λεμιιιά,
228 3205 287 3275 τόν
303 3209 338 3277 δέ
355 3213 534 3276 Μενέλεων
556 3203 732 3293 μαλθακόν
754 3205 929 3291 αἰχμητήν,
950 3212 1076 3274 θυσίαν

74 3330 197 3392 ποιουμ
241 3332 278 3395 Ιυ
305 3307 359 3374 καί
387 3309 558 3386 ἑστιῶντος
586 3312 648 3374 τοῦ
667 3302 907 3391 Ἀγαμέμνονος
933 3302 1077 3389 άκλητον

72 3404 386 3513 ἐποίησίηῆτσόντα
403 3403 462 3472 τόν
475 3407 653 3473 Μενέλεων
671 3405 722 3472 ἐπὶ
740 3401 802 3492 τήν
819 3409 964 3490 θοίνην,
981 3411 1082 3487 ηείοω
