2408 3780
25 176 35 213 ²
91 194 122 249 ιι
416 196 736 256 ενοιιοεοου
1018 197 1078 261 οεο

25 380 33 399 ·-
91 342 397 478 οόμόνρνπροόην”
368 374 480 440 ωσπερ
491 353 546 441 σν,
558 351 632 423 αλλ
646 352 712 440 άεί,
725 355 888 425 ἒπειτα’
848 384 911 426 ουκ
922 357 1076 447 ανεδησα

25 538 29 547 .
90 442 176 511 ταδ’
155 450 207 538 αμ
228 449 333 522 αὐτόν
354 453 500 540 λαβόντα
519 460 588 519 τῶν
608 460 744 521 ταινιῶν
764 453 956 522 ἀναδεῖν
921 482 982 524 τον
998 465 1077 525 Σω·

90 542 177 635 “⁰²26
185 550 240 619 καὶ
249 555 517 620 κατακλίνεσθαι

159 650 261 717 xm
300 645 712 734 Ἐπειδηδδκατεκλίευη,
713 654 815 718 ἰ·πεῑν
838 648 918 719 Εἶεν
934 648 1037 737 δ’”η’,
1015 679 1076 719 αν-

25 790 29 799 .
91 740 165 821 δοες·
185 749 310 815 δοκεδτε
334 745 399 831 γάρ
421 770 478 831 μοι
498 742 633 831 νήφειν
662 743 724 814 οὐκ
752 749 963 835 ἐπιτρεπτέον
984 748 1074 835 ὑμῖν,

25 842 33 911 ·’,
89 830 299 911 άλλόιποτέον·
322 838 623 963 δμολόγηταιγάρ
624 839 726 910 ταῦθ’
746 840 834 931 ἡμῖν.
860 839 1076 932 ἅρχονταούν

25 940 33 1045 ’,
89 938 226 1028 αἱροῦμαι
242 967 302 1028 της
312 940 456 1026 ποσεως,
479 933 574 1018 ἕως
551 967 595 1007 αν
605 953 699 1026 νμεις
708 942 831 1022 δκανως
843 951 951 1031 πιητε,
974 948 1074 1032 ἐμαυ-

25 1118 27 1123 Ι
89 1032 143 1106 τόν.
155 1035 236 1108 όλλά
248 1036 394 1124 φερέτω
388 1039 555 1124 Αγάθων,
568 1047 600 1106 ελ
606 1064 638 1105 τι
648 1043 738 1107 ἔστιν
749 1045 876 1130 ἕκπομα
887 1047 978 1129 μέγα.
991 1050 1077 1131 μᾶλ-

25 1140 27 1187 ἶ
88 1136 178 1205 λονδδ
187 1133 289 1205 οὐδὲν
299 1140 364 1223 δεῖ,
387 1134 472 1204 άλλὰ
483 1138 581 1221 φέρε,
606 1150 680 1223 παῖ,
702 1137 824 1254 φάναι,
846 1142 906 1210 τόν
923 1150 1075 1229 ψυκτῆρα

25 1236 29 1299 ἰ
86 1232 213 1321 ἐκεῖνον,
237 1233 352 1302 ἰδόντα
368 1232 473 1302 αὐτόν
484 1230 627 1302 mov*
605 1262 625 1320 η
644 1233 730 1303 όκτώ
743 1237 1074 1326 κοτύλαςχωροῦντα.
1092 1251 1109 1302 2

25 1328 30 1403 6
84 1333 453 1420 τοῦτονέμπλησάμενον
470 1332 790 1417 πρῶτονμὲναότόν
806 1339 948 1420 ἐκπιειυ,
967 1344 1076 1405 ἔπειτα

25 1438 29 1517 ζ
81 1456 119 1522 ιφ
107 1428 307 1519 Σωκράτει
323 1430 475 1500 κελεύειν
491 1434 598 1518 ἐγχεῖν
614 1430 702 1500 naz*
679 1459 748 1518 αμα
764 1458 780 1500 ε
781 1438 883 1501 δπετν·
906 1431 998 1517 Πρός
1015 1435 1076 1519 μὲν

78 1530 249 1617 Σονιράτη,
281 1522 307 1597 6
335 1527 470 1616 ἄνδρες,
498 1527 534 1596 τό
558 1528 705 1614 σόφισμα
727 1554 783 1615 μοι
806 1527 922 1599 οὐδέν·
950 1527 1077 1598 ὁπόσον

75 1627 134 1716 γάρ
151 1623 195 1696 άν
212 1627 332 1715 κελεύη
348 1654 412 1714 τις,
435 1634 599 1696 τοσοῦτον
619 1624 744 1694 ἐκπεσόν
766 1626 867 1696 οὐδὲν
886 1636 1014 1714 μᾶλλον
1029 1630 1074 1714 μή

73 1751 148 1803 ποτε
158 1732 328 1814 μεθυσθῇ.
350 1723 410 1794 τόν
425 1725 486 1812 μὲν
496 1718 560 1794 οὖν
572 1724 733 1812 Σωκράτη
747 1729 917 1812 ἐγχέαντος
926 1734 987 1793 τοῦ
999 1752 1076 1794 παι-

71 1827 127 1905 δός
137 1831 262 1893 πίνειν·
274 1822 335 1892 τόν
347 1822 378 1891 δ’
390 1820 604 1910 Ἐρυξίμαχον
613 1831 691 1903 Παῖς
704 1819 785 1910 σύν,
797 1825 919 1911 φάναι,
933 1816 1076 1893 άἉλκι-

71 1925 188 2011 διάδη,
210 1927 389 2009 ποιοῦμενς
412 1920 519 2001 οὕτως
535 1920 613 1989 οὔτε
629 1949 660 1990 τι
677 1925 816 2010 λέγομεν
832 1926 884 1992 ἐπὶ
903 1931 946 2011 τῇ
966 1925 1076 1992 κύλικι
1092 1942 1111 1991 Β

69 2026 131 2097 ούτ
135 2025 344 2146 ’ἐπάδομεν,
369 2019 445 2090 ἀλλ’
464 2019 764 2109 άτεχνοὶςύσπερο
767 2022 1076 2107 δδιψῶντεςπιόμε·

68 2136 134 2208 θα;
157 2121 217 2193 τόν
234 2114 298 2191 οὖν
315 2120 525 2208 Ἀλκιβιάδην
537 2127 640 2189 εἰπεῖν
652 2114 693 2189 Ὠ
706 2118 908 2206 Ἐρυξίμαχε,
930 2121 1076 2205 βέλτιστε

66 2229 241 2312 βελτίστου
260 2217 384 2305 πατρὸς
407 2220 463 2287 καὶ
483 2219 778 2304 σωφρονεστάτου,
808 2231 910 2304 χαῖρε
931 2215 1050 2286 Καὶ
1010 2244 1075 2302 γαρ

67 2318 130 2407 σύ,
152 2318 258 2406 φάναι
276 2318 335 2387 τόν
343 2316 571 2404 Ἐρυξίμαχον·
595 2313 679 2384 άλλά
697 2322 731 2383 τί
744 2324 907 2401 ποιοῖμεν;
929 2313 1016 2382 Ὅτι
1035 2311 1076 2381 6v

66 2419 113 2491 σν
124 2419 271 2509 κελευης
283 2417 405 2502 δετηάρ
417 2434 470 2483 σοι
480 2421 675 2481 πειθεσθαι

207 2512 422 2602 ἰατροςγαρ
404 2539 489 2600 ανηρ
500 2520 635 2580 πολλων
645 2509 796 2592 ανταξιος
806 2508 933 2579 αλλων

66 2620 217 2687 ἐπίταττε
229 2640 365 2683 οννοτι
374 2614 498 2701 βουλει
534 2610 702 2679 Ακουσον
714 2609 772 2697 δη,
794 2606 941 2678 ἰπεῑν
908 2635 967 2677 τον
981 2607 1075 2694 Ἐ-ρυ

66 2720 124 2800 ξίμ
144 2739 214 2801 χον.
237 2710 318 2800 ἡμιν
338 2715 418 2798 πρὶν
441 2715 477 2779 σὲ
495 2716 659 2779 εἰσελθεῖν
675 2713 765 2790 ἔδοξε
781 2716 901 2797 χρῆναι
917 2711 969 2776 ἐπὶ
987 2705 1074 2789 δεξιά

66 2812 244 2881 ἕκαστονέ
244 2838 265 2878 ν
282 2815 373 2897 μέρει
389 2812 491 2896 λόγον
509 2811 585 2894 περὶ
595 2808 739 2894 ’Ἑρωτος
755 2812 859 2876 εἰπεῖν
877 2805 922 2929 σός
939 2806 1075 2875 δύναιτο
1094 2822 1112 2875 ο

66 2909 258 2995 κάλλιστον,
270 2911 326 2978 καὶ
336 2909 546 2995 ἐγκωμιάσαι.
560 2934 577 2976 ο
579 2899 717 2995 [μὲν
675 2933 739 2975 ουν
749 2906 844 2977 ἄλλοι
854 2907 974 2986 πάντες
985 2903 1077 2993 ἡμεῖς

68 3005 263 3094 εἰρήκαμεν·
286 3009 330 3074 σύ
342 3005 373 3074 δ’
389 3004 551 3094 ἐπειδὴ’
512 3034 575 3077 ουκ
587 3016 718 3093 εἴρηκας
730 3006 785 3073 καὶ
797 3008 1004 3089 ἐκπέπωκας,
1027 3007 1077 3070 δί-

67 3131 163 3186 καιος
185 3103 271 3173 εδδ
241 3110 404 3191 εδπεῖν,ε
407 3106 493 3173 δπώυ
520 3103 554 3172 δ’
576 3104 722 3184 ἐπιτάξαι
742 3099 957 3185 Σωκράτει“
937 3127 955 3168 ο
977 3124 1009 3166 τι
1033 3091 1077 3165 άν

67 3206 194 3296 βούλη,
217 3205 272 3272 καὶ
288 3212 409 3272 τοῦτον
425 3211 473 3295 τῷ
495 3205 547 3272 ἐπὶ
565 3201 654 3283 δεξιά
672 3200 787 3269 καὶ“
744 3227 833 3270 ουτω
850 3201 929 3280 τοὺς
945 3198 1096 3276 ἅλλους.ῑ

65 3303 165 3374 Ἀλλά
173 3302 317 3389 ,φάναι,
331 3330 357 3371 ω
344 3296 572 3390 Ἐρυξίμαχε,
584 3299 643 3370 τόν
651 3298 880 3388 Ἀλκιβιάδην,
897 3295 1099 3383 καλῶςμεν

69 3407 191 3491 λέγεις,
213 3403 384 3490 μεθύοντα
402 3404 439 3471 δὲ
456 3402 563 3488 ἄνδρα
579 3400 669 3489 παρὰ
684 3400 863 3488 νηφόντων
880 3398 1002 3487 λόγους
1013 3421 1067 3466 πα·
