<?xml version="1.0" encoding="UTF-8"?>
<!DOCTYPE html PUBLIC "-//W3C//DTD XHTML 1.0 Transitional//EN"
    "http://www.w3.org/TR/xhtml1/DTD/xhtml1-transitional.dtd">
<html xmlns="http://www.w3.org/1999/xhtml" xml:lang="en" lang="en">
 <head>
  <title>
</title>
<meta http-equiv="Content-Type" content="text/html;charset=utf-8" />
  <meta name='ocr-system' content='tesseract 3.04.00' />
  <meta name='ocr-capabilities' content='ocr_page ocr_carea ocr_par ocr_line ocrx_word'/>
</head>
<body>
  <div class='ocr_page' id='page_1' title='image "./dialogisecundum03platgoog_0410.png"; bbox 0 0 2408 3780; ppageno 0'>
   <div class='ocr_carea' id='block_1_1' title="bbox 72 188 1079 266">
    <p class='ocr_par' dir='ltr' id='par_1_1' title="bbox 72 188 1079 266">
     <span class='ocr_line' id='line_1_1' title="bbox 72 188 1079 266; baseline 0 -16"><span class='ocrx_word' id='word_1_1' title='bbox 72 202 107 259; x_wconf 53' lang='grc' dir='ltr'><em>ς,</em></span> <span class='ocrx_word' id='word_1_2' title='bbox 440 191 710 250; x_wconf 77' lang='grc' dir='ltr'><em>εααΛεΧοΣ.</em></span> <span class='ocrx_word' id='word_1_3' title='bbox 1016 188 1079 266; x_wconf 72' lang='grc' dir='ltr'><em>εει</em></span> 
     </span>
    </p>
   </div>
   <div class='ocr_carea' id='block_1_2' title="bbox 63 345 1138 3406">
    <p class='ocr_par' dir='ltr' id='par_1_2' title="bbox 72 345 1119 540">
     <span class='ocr_line' id='line_1_2' title="bbox 155 345 1119 440; baseline -0.001 -17"><span class='ocrx_word' id='word_1_4' title='bbox 155 360 228 424; x_wconf 64' lang='lat' dir='ltr'><em>zu.</em></span> <span class='ocrx_word' id='word_1_5' title='bbox 261 351 431 440; x_wconf 75' lang='grc' dir='ltr'><em>Εὐφήμει·</em></span> <span class='ocrx_word' id='word_1_6' title='bbox 454 349 496 419; x_wconf 85' lang='grc' dir='ltr'><em>οῦ</em></span> <span class='ocrx_word' id='word_1_7' title='bbox 507 347 593 436; x_wconf 82' lang='grc' dir='ltr'><em>μέντ’</em></span> <span class='ocrx_word' id='word_1_8' title='bbox 607 345 651 420; x_wconf 76' lang='grc' dir='ltr'><em>άε·</em></span> <span class='ocrx_word' id='word_1_9' title='bbox 660 357 770 429; x_wconf 83' lang='grc' dir='ltr'><em>καλῶς</em></span> <span class='ocrx_word' id='word_1_10' title='bbox 781 358 928 438; x_wconf 88' lang='grc' dir='ltr'><em>ποωίην,</em></span> <span class='ocrx_word' id='word_1_11' title='bbox 947 347 991 417; x_wconf 86' lang='grc' dir='ltr'><em>οῦ</em></span> <span class='ocrx_word' id='word_1_12' title='bbox 1006 372 1080 418; x_wconf 89' lang='grc' dir='ltr'><em>πει·</em></span> <span class='ocrx_word' id='word_1_13' title='bbox 1097 373 1119 422; x_wconf 86' lang='grc' dir='ltr'><strong>Β</strong></span> 
     </span>
     <span class='ocr_line' id='line_1_3' title="bbox 72 448 639 540; baseline -0.011 -19"><span class='ocrx_word' id='word_1_14' title='bbox 72 448 639 540; x_wconf 76' lang='grc' dir='ltr'><em>θόμενοςάνδρὶάγαθῷκαὶσοφῷ.</em></span> 
     </span>
    </p>

    <p class='ocr_par' dir='ltr' id='par_1_3' title="bbox 158 545 754 638">
     <span class='ocr_line' id='line_1_4' title="bbox 158 545 754 638; baseline -0.007 -20"><span class='ocrx_word' id='word_1_15' title='bbox 158 557 222 618; x_wconf 84' lang='grc' dir='ltr'><em>ΕΤ.</em></span> <span class='ocrx_word' id='word_1_16' title='bbox 256 557 329 618; x_wconf 82' lang='grc' dir='ltr'><strong><em>Τίνι</em></strong></span> <span class='ocrx_word' id='word_1_17' title='bbox 339 549 466 638; x_wconf 79' lang='grc' dir='ltr'><em>τοότφς</em></span> <span class='ocrx_word' id='word_1_18' title='bbox 487 549 541 616; x_wconf 81' lang='grc' dir='ltr'><em>καί</em></span> <span class='ocrx_word' id='word_1_19' title='bbox 554 552 588 615; x_wconf 90' lang='grc' dir='ltr'><em>τί</em></span> <span class='ocrx_word' id='word_1_20' title='bbox 596 545 754 633; x_wconf 76' lang='grc' dir='ltr'><em>μάλιστας</em></span> 
     </span>
    </p>

    <p class='ocr_par' dir='ltr' id='par_1_4' title="bbox 63 644 1138 3406">
     <span class='ocr_line' id='line_1_5' title="bbox 151 644 1077 736; baseline -0.009 -16"><span class='ocrx_word' id='word_1_21' title='bbox 151 657 226 720; x_wconf 71' lang='grc' dir='ltr'><em>Σίδ.</em></span> <span class='ocrx_word' id='word_1_22' title='bbox 257 654 384 736; x_wconf 87' lang='grc' dir='ltr'><em>Πολίτη</em></span> <span class='ocrx_word' id='word_1_23' title='bbox 405 650 466 734; x_wconf 80' lang='grc' dir='ltr'><em>μὲν</em></span> <span class='ocrx_word' id='word_1_24' title='bbox 485 648 554 736; x_wconf 72' lang='grc' dir='ltr'><em>ἐμῷ</em></span> <span class='ocrx_word' id='word_1_25' title='bbox 573 671 609 713; x_wconf 93' lang='grc' dir='ltr'><em>τε</em></span> <span class='ocrx_word' id='word_1_26' title='bbox 630 647 685 714; x_wconf 82' lang='grc' dir='ltr'><em>καί</em></span> <span class='ocrx_word' id='word_1_27' title='bbox 703 652 767 735; x_wconf 78' lang='grc' dir='ltr'><em>σῷ,</em></span> <span class='ocrx_word' id='word_1_28' title='bbox 788 644 1030 728; x_wconf 87' lang='grc' dir='ltr'><em>Πεισιστράτου</em></span> <span class='ocrx_word' id='word_1_29' title='bbox 1041 648 1077 712; x_wconf 79' lang='grc' dir='ltr'><em>δδ</em></span> 
     </span>
     <span class='ocr_line' id='line_1_6' title="bbox 74 741 1076 834; baseline -0.005 -18"><span class='ocrx_word' id='word_1_30' title='bbox 74 753 144 819; x_wconf 83' lang='grc' dir='ltr'><em>υίεί</em></span> <span class='ocrx_word' id='word_1_31' title='bbox 154 757 215 817; x_wconf 91' lang='grc' dir='ltr'><em>τοῦ</em></span> <span class='ocrx_word' id='word_1_32' title='bbox 232 751 268 817; x_wconf 88' lang='grc' dir='ltr'><em>ἐκ</em></span> <span class='ocrx_word' id='word_1_33' title='bbox 285 752 470 832; x_wconf 73' lang='grc' dir='ltr'><em>Φιλαϊδῶν,</em></span> <span class='ocrx_word' id='word_1_34' title='bbox 486 741 667 834; x_wconf 77' lang='grc' dir='ltr'><em>Ἱππάρχῳ,</em></span> <span class='ocrx_word' id='word_1_35' title='bbox 690 741 726 824; x_wconf 78' lang='grc' dir='ltr'><em>ὃς</em></span> <span class='ocrx_word' id='word_1_36' title='bbox 748 751 815 813; x_wconf 77' lang='grc' dir='ltr'><em>τείν</em></span> <span class='ocrx_word' id='word_1_37' title='bbox 835 743 1076 830; x_wconf 75' lang='grc' dir='ltr'><em>Πεισιστράτου</em></span> 
     </span>
     <span class='ocr_line' id='line_1_7' title="bbox 72 839 1074 933; baseline -0.004 -19"><span class='ocrx_word' id='word_1_38' title='bbox 72 853 201 916; x_wconf 77' lang='grc' dir='ltr'><em>παίδων</em></span> <span class='ocrx_word' id='word_1_39' title='bbox 211 839 254 933; x_wconf 78' lang='grc' dir='ltr'><em>ἦν</em></span> <span class='ocrx_word' id='word_1_40' title='bbox 265 844 491 933; x_wconf 80' lang='grc' dir='ltr'><em>πρεσβύτατος</em></span> <span class='ocrx_word' id='word_1_41' title='bbox 502 845 556 912; x_wconf 81' lang='grc' dir='ltr'><em>καί</em></span> <span class='ocrx_word' id='word_1_42' title='bbox 566 843 773 928; x_wconf 76' lang='grc' dir='ltr'><em>σοφώτατος,</em></span> <span class='ocrx_word' id='word_1_43' title='bbox 785 839 821 923; x_wconf 85' lang='grc' dir='ltr'><em>δς</em></span> <span class='ocrx_word' id='word_1_44' title='bbox 832 841 915 911; x_wconf 78' lang='grc' dir='ltr'><em>ἄλλα</em></span> <span class='ocrx_word' id='word_1_45' title='bbox 924 868 960 911; x_wconf 90' lang='grc' dir='ltr'><em>τε</em></span> <span class='ocrx_word' id='word_1_46' title='bbox 970 844 1074 912; x_wconf 86' lang='grc' dir='ltr'><em>πολλά</em></span> 
     </span>
     <span class='ocr_line' id='line_1_8' title="bbox 70 939 1074 1030; baseline -0.005 -17"><span class='ocrx_word' id='word_1_47' title='bbox 70 946 126 1014; x_wconf 83' lang='grc' dir='ltr'><em>καί</em></span> <span class='ocrx_word' id='word_1_48' title='bbox 145 943 229 1012; x_wconf 85' lang='grc' dir='ltr'><em>καλά</em></span> <span class='ocrx_word' id='word_1_49' title='bbox 252 949 333 1029; x_wconf 79' lang='grc' dir='ltr'><em>ἔργα</em></span> <span class='ocrx_word' id='word_1_50' title='bbox 353 949 472 1030; x_wconf 82' lang='grc' dir='ltr'><em>σοφίας</em></span> <span class='ocrx_word' id='word_1_51' title='bbox 493 940 700 1028; x_wconf 75' lang='grc' dir='ltr'><em>ἀπεδείξατο,</em></span> <span class='ocrx_word' id='word_1_52' title='bbox 723 943 778 1008; x_wconf 83' lang='grc' dir='ltr'><em>καί</em></span> <span class='ocrx_word' id='word_1_53' title='bbox 799 939 992 1030; x_wconf 77' lang='grc' dir='ltr'><em>τάὈμήρου</em></span> <span class='ocrx_word' id='word_1_54' title='bbox 1013 947 1074 1028; x_wconf 82' lang='grc' dir='ltr'><em>ἔπη</em></span> 
     </span>
     <span class='ocr_line' id='line_1_9' title="bbox 70 1037 1073 1130; baseline 0.001 -20"><span class='ocrx_word' id='word_1_55' title='bbox 70 1050 201 1130; x_wconf 75' lang='grc' dir='ltr'><em>πρῶτος</em></span> <span class='ocrx_word' id='word_1_56' title='bbox 212 1040 366 1127; x_wconf 79' lang='grc' dir='ltr'><em>ἐκόμισεν</em></span> <span class='ocrx_word' id='word_1_57' title='bbox 377 1048 423 1122; x_wconf 89' lang='grc' dir='ltr'><em>είς</em></span> <span class='ocrx_word' id='word_1_58' title='bbox 433 1040 496 1128; x_wconf 80' lang='grc' dir='ltr'><em>την</em></span> <span class='ocrx_word' id='word_1_59' title='bbox 505 1048 571 1128; x_wconf 81' lang='grc' dir='ltr'><em>γῆν</em></span> <span class='ocrx_word' id='word_1_60' title='bbox 582 1045 735 1125; x_wconf 91' lang='grc' dir='ltr'><em>ταυτηνί,</em></span> <span class='ocrx_word' id='word_1_61' title='bbox 747 1043 802 1108; x_wconf 83' lang='grc' dir='ltr'><em>καὶ</em></span> <span class='ocrx_word' id='word_1_62' title='bbox 813 1037 982 1128; x_wconf 84' lang='grc' dir='ltr'><em>η’νάγκασε</em></span> <span class='ocrx_word' id='word_1_63' title='bbox 994 1039 1073 1121; x_wconf 87' lang='grc' dir='ltr'><em>τοῦς</em></span> 
     </span>
     <span class='ocr_line' id='line_1_10' title="bbox 71 1137 1075 1232; baseline 0.001 -22"><span class='ocrx_word' id='word_1_64' title='bbox 71 1140 248 1232; x_wconf 76' lang='grc' dir='ltr'><em>ῥαψῳδοὺς</em></span> <span class='ocrx_word' id='word_1_65' title='bbox 261 1145 514 1226; x_wconf 78' lang='grc' dir='ltr'><em>Παναθηναίοις</em></span> <span class='ocrx_word' id='word_1_66' title='bbox 531 1141 562 1220; x_wconf 83' lang='grc' dir='ltr'><em>ἐξ</em></span> <span class='ocrx_word' id='word_1_67' title='bbox 579 1137 775 1226; x_wconf 77' lang='grc' dir='ltr'><em>ὑπολήψεως</em></span> <span class='ocrx_word' id='word_1_68' title='bbox 792 1144 907 1228; x_wconf 80' lang='grc' dir='ltr'><em>ἐφεξῆς</em></span> <span class='ocrx_word' id='word_1_69' title='bbox 925 1140 1008 1211; x_wconf 76' lang='grc' dir='ltr'><em>αὐτοὶ</em></span> <span class='ocrx_word' id='word_1_70' title='bbox 1024 1148 1075 1211; x_wconf 76' lang='grc' dir='ltr'><em>δι-</em></span> 
     </span>
     <span class='ocr_line' id='line_1_11' title="bbox 70 1236 1111 1330; baseline 0.002 -21"><span class='ocrx_word' id='word_1_71' title='bbox 70 1247 172 1325; x_wconf 87' lang='grc' dir='ltr'><em>ιὲναι,</em></span> <span class='ocrx_word' id='word_1_72' title='bbox 197 1237 307 1325; x_wconf 69' lang='grc' dir='ltr'><em>ὥσπερ</em></span> <span class='ocrx_word' id='word_1_73' title='bbox 319 1246 385 1306; x_wconf 91' lang='grc' dir='ltr'><em>νῦν</em></span> <span class='ocrx_word' id='word_1_74' title='bbox 396 1243 444 1307; x_wconf 82' lang='grc' dir='ltr'><em>ἔτι</em></span> <span class='ocrx_word' id='word_1_75' title='bbox 461 1241 530 1306; x_wconf 79' lang='grc' dir='ltr'><em>οἵδε</em></span> <span class='ocrx_word' id='word_1_76' title='bbox 547 1247 696 1308; x_wconf 87' lang='grc' dir='ltr'><em>ποιοῦσι·</em></span> <span class='ocrx_word' id='word_1_77' title='bbox 718 1242 774 1309; x_wconf 79' lang='grc' dir='ltr'><em>καί</em></span> <span class='ocrx_word' id='word_1_78' title='bbox 790 1236 836 1308; x_wconf 90' lang='grc' dir='ltr'><em>ἐπ’</em></span> <span class='ocrx_word' id='word_1_79' title='bbox 857 1239 1074 1330; x_wconf 79' lang='grc' dir='ltr'><em>Ἀνακρέοντα</em></span> <span class='ocrx_word' id='word_1_80' title='bbox 1091 1261 1111 1312; x_wconf 86' lang='lat' dir='ltr'>c</span> 
     </span>
     <span class='ocr_line' id='line_1_12' title="bbox 69 1336 1075 1427; baseline 0.002 -20"><span class='ocrx_word' id='word_1_81' title='bbox 69 1337 129 1407; x_wconf 86' lang='grc' dir='ltr'><em>τόν</em></span> <span class='ocrx_word' id='word_1_82' title='bbox 149 1337 251 1424; x_wconf 74' lang='grc' dir='ltr'><em>Τήϊον</em></span> <span class='ocrx_word' id='word_1_83' title='bbox 268 1336 536 1424; x_wconf 80' lang='grc' dir='ltr'><em>πεντηκόντορον</em></span> <span class='ocrx_word' id='word_1_84' title='bbox 554 1345 684 1418; x_wconf 78' lang='grc' dir='ltr'><em>στείλας</em></span> <span class='ocrx_word' id='word_1_85' title='bbox 700 1338 853 1425; x_wconf 85' lang='grc' dir='ltr'><em>ἐκόμισεν</em></span> <span class='ocrx_word' id='word_1_86' title='bbox 872 1347 917 1419; x_wconf 89' lang='grc' dir='ltr'><em>είς</em></span> <span class='ocrx_word' id='word_1_87' title='bbox 934 1340 994 1427; x_wconf 79' lang='grc' dir='ltr'><em>τήν</em></span> <span class='ocrx_word' id='word_1_88' title='bbox 1011 1341 1075 1409; x_wconf 92' lang='grc' dir='ltr'><em>πό-</em></span> 
     </span>
     <span class='ocr_line' id='line_1_13' title="bbox 69 1434 1074 1526; baseline -0.003 -17"><span class='ocrx_word' id='word_1_89' title='bbox 69 1450 139 1509; x_wconf 90' lang='grc' dir='ltr'><em>λιν·</em></span> <span class='ocrx_word' id='word_1_90' title='bbox 163 1442 357 1526; x_wconf 88' lang='grc' dir='ltr'><em>Σιμωνίδην</em></span> <span class='ocrx_word' id='word_1_91' title='bbox 368 1437 404 1506; x_wconf 73' lang='grc' dir='ltr'><em>δὲ</em></span> <span class='ocrx_word' id='word_1_92' title='bbox 414 1435 474 1505; x_wconf 84' lang='grc' dir='ltr'><em>τὸν</em></span> <span class='ocrx_word' id='word_1_93' title='bbox 485 1443 588 1506; x_wconf 82' lang='grc' dir='ltr'><em>Κείου</em></span> <span class='ocrx_word' id='word_1_94' title='bbox 600 1434 651 1504; x_wconf 84' lang='grc' dir='ltr'><em>άεὶ</em></span> <span class='ocrx_word' id='word_1_95' title='bbox 662 1440 736 1521; x_wconf 83' lang='grc' dir='ltr'><em>περὶ</em></span> <span class='ocrx_word' id='word_1_96' title='bbox 747 1434 852 1505; x_wconf 83' lang='grc' dir='ltr'><em>αὑτὸν</em></span> <span class='ocrx_word' id='word_1_97' title='bbox 870 1435 950 1523; x_wconf 79' lang='grc' dir='ltr'><em>εἶχε,</em></span> <span class='ocrx_word' id='word_1_98' title='bbox 971 1440 1074 1524; x_wconf 88' lang='grc' dir='ltr'><em>μεγά-</em></span> 
     </span>
     <span class='ocr_line' id='line_1_14' title="bbox 72 1533 1079 1624; baseline -0.001 -19"><span class='ocrx_word' id='word_1_99' title='bbox 72 1547 141 1617; x_wconf 90' lang='grc' dir='ltr'><em>λοις</em></span> <span class='ocrx_word' id='word_1_100' title='bbox 151 1546 284 1623; x_wconf 77' lang='grc' dir='ltr'><em>μισθοῖς</em></span> <span class='ocrx_word' id='word_1_101' title='bbox 295 1535 350 1602; x_wconf 86' lang='grc' dir='ltr'><em>καί</em></span> <span class='ocrx_word' id='word_1_102' title='bbox 362 1533 481 1619; x_wconf 85' lang='grc' dir='ltr'><em>δυ’ροις</em></span> <span class='ocrx_word' id='word_1_103' title='bbox 492 1541 636 1602; x_wconf 89' lang='grc' dir='ltr'><em>πείθων·</em></span> <span class='ocrx_word' id='word_1_104' title='bbox 647 1540 751 1603; x_wconf 84' lang='grc' dir='ltr'><em>ταῦτα</em></span> <span class='ocrx_word' id='word_1_105' title='bbox 763 1533 794 1602; x_wconf 89' lang='grc' dir='ltr'><em>δ’</em></span> <span class='ocrx_word' id='word_1_106' title='bbox 803 1537 905 1604; x_wconf 91' lang='grc' dir='ltr'><em>ἐποίει</em></span> <span class='ocrx_word' id='word_1_107' title='bbox 911 1536 1079 1624; x_wconf 82' lang='grc' dir='ltr'><em>βουλόμε-Ι</em></span> 
     </span>
     <span class='ocr_line' id='line_1_15' title="bbox 69 1630 1072 1721; baseline -0.002 -17"><span class='ocrx_word' id='word_1_108' title='bbox 69 1663 127 1715; x_wconf 93' lang='grc' dir='ltr'><em>νος</em></span> <span class='ocrx_word' id='word_1_109' title='bbox 139 1635 308 1703; x_wconf 84' lang='grc' dir='ltr'><em>παιδεύειν</em></span> <span class='ocrx_word' id='word_1_110' title='bbox 319 1630 397 1712; x_wconf 89' lang='grc' dir='ltr'><em>τοῦς</em></span> <span class='ocrx_word' id='word_1_111' title='bbox 408 1638 558 1717; x_wconf 90' lang='grc' dir='ltr'><em>πολίτας,</em></span> <span class='ocrx_word' id='word_1_112' title='bbox 576 1637 632 1701; x_wconf 74' lang='grc' dir='ltr'><em>ἵνα</em></span> <span class='ocrx_word' id='word_1_113' title='bbox 644 1630 688 1712; x_wconf 77' lang='grc' dir='ltr'><em>ὦς</em></span> <span class='ocrx_word' id='word_1_114' title='bbox 697 1641 878 1721; x_wconf 83' lang='grc' dir='ltr'><em>βελτίστων</em></span> <span class='ocrx_word' id='word_1_115' title='bbox 889 1633 999 1704; x_wconf 87' lang='grc' dir='ltr'><em>όντων</em></span> <span class='ocrx_word' id='word_1_116' title='bbox 1010 1635 1072 1702; x_wconf 86' lang='grc' dir='ltr'><em>αό-</em></span> 
     </span>
     <span class='ocr_line' id='line_1_16' title="bbox 70 1730 1071 1820; baseline -0.001 -17"><span class='ocrx_word' id='word_1_117' title='bbox 70 1742 137 1803; x_wconf 78' lang='grc' dir='ltr'><em>τοῦν</em></span> <span class='ocrx_word' id='word_1_118' title='bbox 149 1733 259 1820; x_wconf 84' lang='grc' dir='ltr'><em>όίρχοι,</em></span> <span class='ocrx_word' id='word_1_119' title='bbox 273 1730 335 1802; x_wconf 86' lang='grc' dir='ltr'><em>οῦκ</em></span> <span class='ocrx_word' id='word_1_120' title='bbox 345 1732 496 1818; x_wconf 80' lang='grc' dir='ltr'><em>οἰόμενος</em></span> <span class='ocrx_word' id='word_1_121' title='bbox 507 1736 577 1801; x_wconf 89' lang='grc' dir='ltr'><em>δεῖν</em></span> <span class='ocrx_word' id='word_1_122' title='bbox 588 1731 701 1801; x_wconf 80' lang='grc' dir='ltr'><em>οὐδενὶ</em></span> <span class='ocrx_word' id='word_1_123' title='bbox 712 1740 831 1820; x_wconf 81' lang='grc' dir='ltr'><em>σοφίας</em></span> <span class='ocrx_word' id='word_1_124' title='bbox 842 1743 1001 1820; x_wconf 75' lang='grc' dir='ltr'><em>φθονεῖν,</em></span> <span class='ocrx_word' id='word_1_125' title='bbox 1015 1733 1071 1802; x_wconf 82' lang='grc' dir='ltr'><em>άτε</em></span> 
     </span>
     <span class='ocr_line' id='line_1_17' title="bbox 70 1828 1071 1922; baseline -0.003 -20"><span class='ocrx_word' id='word_1_126' title='bbox 70 1829 120 1902; x_wconf 68' lang='grc' dir='ltr'><em>οῦν</em></span> <span class='ocrx_word' id='word_1_127' title='bbox 130 1833 231 1912; x_wconf 91' lang='grc' dir='ltr'><em>καλός</em></span> <span class='ocrx_word' id='word_1_128' title='bbox 242 1858 277 1900; x_wconf 88' lang='grc' dir='ltr'><em>τε</em></span> <span class='ocrx_word' id='word_1_129' title='bbox 287 1829 449 1917; x_wconf 83' lang='grc' dir='ltr'><em>κάγαθός.</em></span> <span class='ocrx_word' id='word_1_130' title='bbox 467 1829 578 1918; x_wconf 74' lang='grc' dir='ltr'><em>ἐπειδὴ</em></span> <span class='ocrx_word' id='word_1_131' title='bbox 588 1828 722 1922; x_wconf 77' lang='grc' dir='ltr'><em>δέαῦτῷ</em></span> <span class='ocrx_word' id='word_1_132' title='bbox 732 1836 766 1900; x_wconf 85' lang='grc' dir='ltr'><em>οί</em></span> <span class='ocrx_word' id='word_1_133' title='bbox 775 1834 849 1916; x_wconf 86' lang='grc' dir='ltr'><em>περὶ</em></span> <span class='ocrx_word' id='word_1_134' title='bbox 860 1833 896 1900; x_wconf 86' lang='grc' dir='ltr'><em>τό</em></span> <span class='ocrx_word' id='word_1_135' title='bbox 909 1831 992 1900; x_wconf 84' lang='grc' dir='ltr'><em>άστυ</em></span> <span class='ocrx_word' id='word_1_136' title='bbox 1003 1841 1071 1900; x_wconf 77' lang='grc' dir='ltr'><em>τοίν</em></span> 
     </span>
     <span class='ocr_line' id='line_1_18' title="bbox 68 1922 1072 2018; baseline -0.002 -17"><span class='ocrx_word' id='word_1_137' title='bbox 68 1940 213 2001; x_wconf 76' lang='grc' dir='ltr'><em>πολιτῶν</em></span> <span class='ocrx_word' id='word_1_138' title='bbox 230 1931 485 2015; x_wconf 77' lang='grc' dir='ltr'><em>πεπαιδευμένοι</em></span> <span class='ocrx_word' id='word_1_139' title='bbox 502 1922 590 2016; x_wconf 76' lang='grc' dir='ltr'><em>ἦσαν</em></span> <span class='ocrx_word' id='word_1_140' title='bbox 607 1933 662 2000; x_wconf 82' lang='grc' dir='ltr'><em>καί</em></span> <span class='ocrx_word' id='word_1_141' title='bbox 683 1930 873 2018; x_wconf 79' lang='grc' dir='ltr'><em>ἐθαύμαζον</em></span> <span class='ocrx_word' id='word_1_142' title='bbox 893 1928 998 1998; x_wconf 84' lang='grc' dir='ltr'><em>αῦτδν</em></span> <span class='ocrx_word' id='word_1_143' title='bbox 1020 1935 1072 1999; x_wconf 85' lang='grc' dir='ltr'><em>ἐπὶ</em></span> 
     </span>
     <span class='ocr_line' id='line_1_19' title="bbox 69 2019 1109 2119; baseline -0.001 -21"><span class='ocrx_word' id='word_1_144' title='bbox 69 2037 189 2119; x_wconf 81' lang='grc' dir='ltr'><em>σοφίᾳ,</em></span> <span class='ocrx_word' id='word_1_145' title='bbox 208 2026 434 2117; x_wconf 80' lang='grc' dir='ltr'><em>ἐπιβουλεύων</em></span> <span class='ocrx_word' id='word_1_146' title='bbox 455 2019 500 2094; x_wconf 78' lang='grc' dir='ltr'><em>αὖ</em></span> <span class='ocrx_word' id='word_1_147' title='bbox 519 2026 598 2108; x_wconf 86' lang='grc' dir='ltr'><em>τοῦς</em></span> <span class='ocrx_word' id='word_1_148' title='bbox 617 2034 654 2098; x_wconf 85' lang='grc' dir='ltr'><em>ἐν</em></span> <span class='ocrx_word' id='word_1_149' title='bbox 674 2044 742 2110; x_wconf 81' lang='grc' dir='ltr'><em>τοῖς</em></span> <span class='ocrx_word' id='word_1_150' title='bbox 763 2027 875 2116; x_wconf 83' lang='grc' dir='ltr'><em>ἀγροῖς</em></span> <span class='ocrx_word' id='word_1_151' title='bbox 897 2035 1071 2098; x_wconf 88' lang='grc' dir='ltr'><em>παιδεῦσαι</em></span> <span class='ocrx_word' id='word_1_152' title='bbox 1088 2057 1109 2106; x_wconf 78' lang='lat'><em>1)</em></span> 
     </span>
     <span class='ocr_line' id='line_1_20' title="bbox 69 2122 1072 2219; baseline 0 -23"><span class='ocrx_word' id='word_1_153' title='bbox 69 2133 205 2214; x_wconf 80' lang='grc' dir='ltr'><em>ἔστησεν</em></span> <span class='ocrx_word' id='word_1_154' title='bbox 219 2126 331 2206; x_wconf 82' lang='grc' dir='ltr'><em>αὐτοῖς</em></span> <span class='ocrx_word' id='word_1_155' title='bbox 337 2122 455 2212; x_wconf 79' lang='grc' dir='ltr'><em>Ἑρμαῖς</em></span> <span class='ocrx_word' id='word_1_156' title='bbox 461 2124 544 2194; x_wconf 80' lang='grc' dir='ltr'><em>κατά</em></span> <span class='ocrx_word' id='word_1_157' title='bbox 558 2127 616 2209; x_wconf 78' lang='grc' dir='ltr'><em>τὰς</em></span> <span class='ocrx_word' id='word_1_158' title='bbox 626 2127 726 2209; x_wconf 86' lang='grc' dir='ltr'><em>ὁδοῦς</em></span> <span class='ocrx_word' id='word_1_159' title='bbox 737 2132 774 2198; x_wconf 87' lang='grc' dir='ltr'><em>ἐν</em></span> <span class='ocrx_word' id='word_1_160' title='bbox 785 2133 873 2219; x_wconf 83' lang='grc' dir='ltr'><em>μέσφ</em></span> <span class='ocrx_word' id='word_1_161' title='bbox 884 2135 946 2196; x_wconf 90' lang='grc' dir='ltr'><em>τοῦ</em></span> <span class='ocrx_word' id='word_1_162' title='bbox 956 2127 1072 2206; x_wconf 85' lang='grc' dir='ltr'><em>άστεος</em></span> 
     </span>
     <span class='ocr_line' id='line_1_21' title="bbox 68 2223 1138 2316; baseline -0.001 -21"><span class='ocrx_word' id='word_1_163' title='bbox 68 2230 123 2296; x_wconf 79' lang='grc' dir='ltr'><em>καὶ</em></span> <span class='ocrx_word' id='word_1_164' title='bbox 134 2234 203 2296; x_wconf 76' lang='grc' dir='ltr'><em>τοῖν</em></span> <span class='ocrx_word' id='word_1_165' title='bbox 215 2226 331 2313; x_wconf 81' lang='grc' dir='ltr'><em>δήμων</em></span> <span class='ocrx_word' id='word_1_166' title='bbox 343 2225 507 2310; x_wconf 80' lang='grc' dir='ltr'><em>ἑκάστων,</em></span> <span class='ocrx_word' id='word_1_167' title='bbox 528 2225 667 2297; x_wconf 85' lang='grc' dir='ltr'><em>κάπειτα</em></span> <span class='ocrx_word' id='word_1_168' title='bbox 684 2239 741 2316; x_wconf 78' lang='grc' dir='ltr'><em>τῆς</em></span> <span class='ocrx_word' id='word_1_169' title='bbox 758 2235 876 2316; x_wconf 85' lang='grc' dir='ltr'><em>σοφίας</em></span> <span class='ocrx_word' id='word_1_170' title='bbox 887 2235 944 2314; x_wconf 83' lang='grc' dir='ltr'><em>τῆς</em></span> <span class='ocrx_word' id='word_1_171' title='bbox 955 2223 1070 2311; x_wconf 87' lang='grc' dir='ltr'><em>αὑτοῦ,</em></span> <span class='ocrx_word' id='word_1_172' title='bbox 1135 2265 1138 2269; x_wconf 55' lang='lat'><em>&gt;</em></span> 
     </span>
     <span class='ocr_line' id='line_1_22' title="bbox 67 2321 1070 2414; baseline 0.001 -22"><span class='ocrx_word' id='word_1_173' title='bbox 67 2325 112 2413; x_wconf 77' lang='grc' dir='ltr'><em>ἦν</em></span> <span class='ocrx_word' id='word_1_174' title='bbox 128 2323 153 2394; x_wconf 77' lang='grc' dir='ltr'><em>ά</em></span> <span class='ocrx_word' id='word_1_175' title='bbox 167 2331 271 2413; x_wconf 78' lang='grc' dir='ltr'><em>ἔμαθε</em></span> <span class='ocrx_word' id='word_1_176' title='bbox 281 2327 337 2393; x_wconf 86' lang='grc' dir='ltr'><em>καὶ</em></span> <span class='ocrx_word' id='word_1_177' title='bbox 353 2322 397 2411; x_wconf 79' lang='grc' dir='ltr'><em>ἣν</em></span> <span class='ocrx_word' id='word_1_178' title='bbox 416 2321 516 2404; x_wconf 80' lang='grc' dir='ltr'><em>αὐτὸς</em></span> <span class='ocrx_word' id='word_1_179' title='bbox 534 2330 682 2414; x_wconf 81' lang='grc' dir='ltr'><em>ἐξεῦρεν,</em></span> <span class='ocrx_word' id='word_1_180' title='bbox 706 2328 919 2413; x_wconf 77' lang='grc' dir='ltr'><em>ἐκλεξάμενος</em></span> <span class='ocrx_word' id='word_1_181' title='bbox 930 2323 952 2393; x_wconf 83' lang='grc' dir='ltr'><em>ά</em></span> <span class='ocrx_word' id='word_1_182' title='bbox 961 2324 1070 2412; x_wconf 78' lang='grc' dir='ltr'><em>ἡγεῖτο</em></span> 
     </span>
     <span class='ocr_line' id='line_1_23' title="bbox 67 2421 1071 2511; baseline -0.002 -18"><span class='ocrx_word' id='word_1_183' title='bbox 67 2422 244 2511; x_wconf 82' lang='grc' dir='ltr'><em>σοφότατα</em></span> <span class='ocrx_word' id='word_1_184' title='bbox 255 2422 354 2509; x_wconf 76' lang='grc' dir='ltr'><em>εἶναι,</em></span> <span class='ocrx_word' id='word_1_185' title='bbox 373 2430 475 2491; x_wconf 90' lang='grc' dir='ltr'><em>ταῦτα</em></span> <span class='ocrx_word' id='word_1_186' title='bbox 487 2421 588 2505; x_wconf 86' lang='grc' dir='ltr'><em>αῦτός</em></span> <span class='ocrx_word' id='word_1_187' title='bbox 601 2429 744 2505; x_wconf 86' lang='grc' dir='ltr'><em>ἐντείνας</em></span> <span class='ocrx_word' id='word_1_188' title='bbox 755 2432 800 2504; x_wconf 86' lang='grc' dir='ltr'><em>είς</em></span> <span class='ocrx_word' id='word_1_189' title='bbox 811 2431 955 2511; x_wconf 84' lang='grc' dir='ltr'><em>ἐλεγεῖον</em></span> <span class='ocrx_word' id='word_1_190' title='bbox 966 2423 1071 2493; x_wconf 80' lang='grc' dir='ltr'><em>αὑτοῦ</em></span> 
     </span>
     <span class='ocr_line' id='line_1_24' title="bbox 63 2524 1070 2611; baseline -0.002 -19"><span class='ocrx_word' id='word_1_191' title='bbox 63 2524 234 2611; x_wconf 73' lang='grc' dir='ltr'><em>’ποιήματα</em></span> <span class='ocrx_word' id='word_1_192' title='bbox 255 2525 311 2592; x_wconf 79' lang='grc' dir='ltr'><em>καὶ</em></span> <span class='ocrx_word' id='word_1_193' title='bbox 331 2527 541 2609; x_wconf 79' lang='grc' dir='ltr'><em>ἐπιδείγματα</em></span> <span class='ocrx_word' id='word_1_194' title='bbox 562 2531 620 2610; x_wconf 81' lang='grc' dir='ltr'><em>τῆς</em></span> <span class='ocrx_word' id='word_1_195' title='bbox 641 2534 761 2611; x_wconf 85' lang='grc' dir='ltr'><em>σοφίας</em></span> <span class='ocrx_word' id='word_1_196' title='bbox 784 2527 984 2611; x_wconf 78' lang='grc' dir='ltr'><em>ἐπέγραφεν,</em></span> <span class='ocrx_word' id='word_1_197' title='bbox 1015 2527 1070 2591; x_wconf 78' lang='grc' dir='ltr'><em>ἵνα</em></span> 
     </span>
     <span class='ocr_line' id='line_1_25' title="bbox 67 2619 1107 2711; baseline -0.004 -21"><span class='ocrx_word' id='word_1_198' title='bbox 67 2630 202 2706; x_wconf 76' lang='grc' dir='ltr'><em>πρῶτον</em></span> <span class='ocrx_word' id='word_1_199' title='bbox 219 2625 280 2709; x_wconf 75' lang='grc' dir='ltr'><em>μὲν</em></span> <span class='ocrx_word' id='word_1_200' title='bbox 295 2620 335 2690; x_wconf 83' lang='grc' dir='ltr'><em>τά</em></span> <span class='ocrx_word' id='word_1_201' title='bbox 357 2625 394 2691; x_wconf 93' lang='grc' dir='ltr'><em>ἐν</em></span> <span class='ocrx_word' id='word_1_202' title='bbox 405 2629 551 2707; x_wconf 88' lang='grc' dir='ltr'><em>Δελφοῖς</em></span> <span class='ocrx_word' id='word_1_203' title='bbox 570 2624 747 2711; x_wconf 86' lang='grc' dir='ltr'><em>γράμματα</em></span> <span class='ocrx_word' id='word_1_204' title='bbox 758 2621 797 2692; x_wconf 82' lang='grc' dir='ltr'><em>τά</em></span> <span class='ocrx_word' id='word_1_205' title='bbox 809 2621 897 2708; x_wconf 84' lang='grc' dir='ltr'><em>σοφά</em></span> <span class='ocrx_word' id='word_1_206' title='bbox 909 2630 1013 2690; x_wconf 90' lang='grc' dir='ltr'><em>ταῦτα</em></span> <span class='ocrx_word' id='word_1_207' title='bbox 1025 2619 1069 2708; x_wconf 79' lang='grc' dir='ltr'><em>μὴ</em></span> <span class='ocrx_word' id='word_1_208' title='bbox 1087 2637 1107 2686; x_wconf 71' lang='grc' dir='ltr'><em>ει</em></span> 
     </span>
     <span class='ocr_line' id='line_1_26' title="bbox 67 2718 1069 2808; baseline -0.001 -18"><span class='ocrx_word' id='word_1_209' title='bbox 67 2723 273 2807; x_wconf 80' lang='grc' dir='ltr'><em>θαυμάζοιεν</em></span> <span class='ocrx_word' id='word_1_210' title='bbox 284 2726 319 2789; x_wconf 90' lang='grc' dir='ltr'><em>οί</em></span> <span class='ocrx_word' id='word_1_211' title='bbox 332 2729 462 2789; x_wconf 85' lang='grc' dir='ltr'><em>πολῖται</em></span> <span class='ocrx_word' id='word_1_212' title='bbox 473 2718 580 2788; x_wconf 80' lang='grc' dir='ltr'><em>αὐτοῦ</em></span> <span class='ocrx_word' id='word_1_213' title='bbox 585 2772 595 2808; x_wconf 88' lang='grc'><em>,</em></span> <span class='ocrx_word' id='word_1_214' title='bbox 609 2722 646 2791; x_wconf 96' lang='grc' dir='ltr'><em>τό</em></span> <span class='ocrx_word' id='word_1_215' title='bbox 658 2749 693 2790; x_wconf 90' lang='grc' dir='ltr'><em>τε</em></span> <span class='ocrx_word' id='word_1_216' title='bbox 704 2730 820 2792; x_wconf 80' lang='grc' dir='ltr'><em>Γνῶθι</em></span> <span class='ocrx_word' id='word_1_217' title='bbox 833 2722 957 2789; x_wconf 89' lang='grc' dir='ltr'><em>σαυτόν</em></span> <span class='ocrx_word' id='word_1_218' title='bbox 968 2723 1022 2790; x_wconf 83' lang='grc' dir='ltr'><em>καὶ</em></span> <span class='ocrx_word' id='word_1_219' title='bbox 1032 2718 1069 2789; x_wconf 87' lang='grc' dir='ltr'><em>τό</em></span> 
     </span>
     <span class='ocr_line' id='line_1_27' title="bbox 68 2811 1071 2908; baseline -0.003 -19"><span class='ocrx_word' id='word_1_220' title='bbox 68 2822 186 2907; x_wconf 75' lang='grc' dir='ltr'><em>Μηδὲν</em></span> <span class='ocrx_word' id='word_1_221' title='bbox 197 2821 283 2907; x_wconf 78' lang='grc' dir='ltr'><em>ἄγαν</em></span> <span class='ocrx_word' id='word_1_222' title='bbox 290 2822 346 2890; x_wconf 82' lang='grc' dir='ltr'><em>καὶ</em></span> <span class='ocrx_word' id='word_1_223' title='bbox 358 2811 460 2889; x_wconf 81' lang='grc' dir='ltr'><em>τᾶλλα</em></span> <span class='ocrx_word' id='word_1_224' title='bbox 470 2816 510 2887; x_wconf 88' lang='grc' dir='ltr'><em>τά</em></span> <span class='ocrx_word' id='word_1_225' title='bbox 520 2827 667 2908; x_wconf 89' lang='grc' dir='ltr'><em>τοιαῦτα,</em></span> <span class='ocrx_word' id='word_1_226' title='bbox 680 2818 764 2890; x_wconf 76' lang='grc' dir='ltr'><em>άλλοὶ</em></span> <span class='ocrx_word' id='word_1_227' title='bbox 775 2816 999 2905; x_wconf 81' lang='grc' dir='ltr'><em>τάἹππάρχου</em></span> <span class='ocrx_word' id='word_1_228' title='bbox 1010 2819 1071 2905; x_wconf 77' lang='grc' dir='ltr'><em>ῥη-</em></span> 
     </span>
     <span class='ocr_line' id='line_1_28' title="bbox 66 2916 1070 3008; baseline -0.004 -20"><span class='ocrx_word' id='word_1_229' title='bbox 66 2916 381 3008; x_wconf 80' lang='grc' dir='ltr'><em>ματαμῦλλονσοφόι</em></span> <span class='ocrx_word' id='word_1_230' title='bbox 393 2917 536 3007; x_wconf 80' lang='grc' dir='ltr'><em>ἡγοῖντο,</em></span> <span class='ocrx_word' id='word_1_231' title='bbox 544 2925 654 2990; x_wconf 80' lang='grc' dir='ltr'><em>ἔπειτα</em></span> <span class='ocrx_word' id='word_1_232' title='bbox 661 2921 835 3008; x_wconf 85' lang='grc' dir='ltr'><em>παριόντες</em></span> <span class='ocrx_word' id='word_1_233' title='bbox 842 2916 912 2987; x_wconf 85' lang='grc' dir='ltr'><em>άνω</em></span> <span class='ocrx_word' id='word_1_234' title='bbox 920 2919 975 2986; x_wconf 82' lang='grc' dir='ltr'><em>καὶ</em></span> <span class='ocrx_word' id='word_1_235' title='bbox 981 2919 1070 2985; x_wconf 89' lang='grc' dir='ltr'><em>κάτω</em></span> 
     </span>
     <span class='ocr_line' id='line_1_29' title="bbox 64 3015 1071 3108; baseline -0.005 -20"><span class='ocrx_word' id='word_1_236' title='bbox 64 3022 120 3088; x_wconf 81' lang='grc' dir='ltr'><em>καί</em></span> <span class='ocrx_word' id='word_1_237' title='bbox 132 3017 437 3107; x_wconf 80' lang='grc' dir='ltr'><em>άναγιγνιόσκοντες</em></span> <span class='ocrx_word' id='word_1_238' title='bbox 453 3020 507 3088; x_wconf 83' lang='grc' dir='ltr'><em>καὶ</em></span> <span class='ocrx_word' id='word_1_239' title='bbox 526 3027 633 3107; x_wconf 82' lang='grc' dir='ltr'><em>γεῦμα</em></span> <span class='ocrx_word' id='word_1_240' title='bbox 650 3020 877 3108; x_wconf 88' lang='grc' dir='ltr'><em>λαμβάνοντες</em></span> <span class='ocrx_word' id='word_1_241' title='bbox 890 3015 996 3085; x_wconf 82' lang='grc' dir='ltr'><em>αὐτοῦ</em></span> <span class='ocrx_word' id='word_1_242' title='bbox 1013 3023 1071 3103; x_wconf 81' lang='grc' dir='ltr'><em>τῆς</em></span> 
     </span>
     <span class='ocr_line' id='line_1_30' title="bbox 65 3113 1071 3209; baseline -0.006 -21"><span class='ocrx_word' id='word_1_243' title='bbox 65 3127 186 3206; x_wconf 87' lang='grc' dir='ltr'><em>σοφίας</em></span> <span class='ocrx_word' id='word_1_244' title='bbox 198 3126 341 3209; x_wconf 76' lang='grc' dir='ltr'><em>φοιτῷεν</em></span> <span class='ocrx_word' id='word_1_245' title='bbox 358 3123 394 3188; x_wconf 81' lang='grc' dir='ltr'><em>ἐκ</em></span> <span class='ocrx_word' id='word_1_246' title='bbox 410 3127 478 3188; x_wconf 76' lang='grc' dir='ltr'><em>τόν</em></span> <span class='ocrx_word' id='word_1_247' title='bbox 495 3115 609 3206; x_wconf 80' lang='grc' dir='ltr'><em>άγρῦν</em></span> <span class='ocrx_word' id='word_1_248' title='bbox 626 3119 681 3187; x_wconf 84' lang='grc' dir='ltr'><em>καὶ</em></span> <span class='ocrx_word' id='word_1_249' title='bbox 699 3119 753 3186; x_wconf 85' lang='grc' dir='ltr'><em>ἐπί</em></span> <span class='ocrx_word' id='word_1_250' title='bbox 769 3115 809 3184; x_wconf 80' lang='grc' dir='ltr'><em>τὰ</em></span> <span class='ocrx_word' id='word_1_251' title='bbox 821 3113 920 3184; x_wconf 82' lang='grc' dir='ltr'><em>λοιπὰ</em></span> <span class='ocrx_word' id='word_1_252' title='bbox 932 3119 1071 3183; x_wconf 88' lang='grc' dir='ltr'><em>παιδευ-</em></span> 
     </span>
     <span class='ocr_line' id='line_1_31' title="bbox 64 3211 1067 3306; baseline -0.004 -19"><span class='ocrx_word' id='word_1_253' title='bbox 64 3217 260 3306; x_wconf 87' lang='grc' dir='ltr'><em>θησόμενοι.</em></span> <span class='ocrx_word' id='word_1_254' title='bbox 289 3216 387 3289; x_wconf 86' lang='grc' dir='ltr'><em>ἐστόν</em></span> <span class='ocrx_word' id='word_1_255' title='bbox 398 3220 434 3288; x_wconf 74' lang='grc' dir='ltr'><em>δὲ</em></span> <span class='ocrx_word' id='word_1_256' title='bbox 445 3218 515 3287; x_wconf 81' lang='grc' dir='ltr'><em>δύω</em></span> <span class='ocrx_word' id='word_1_257' title='bbox 530 3217 801 3305; x_wconf 85' lang='grc' dir='ltr'><em>τοόπιγράμματε·</em></span> <span class='ocrx_word' id='word_1_258' title='bbox 824 3219 861 3285; x_wconf 82' lang='grc' dir='ltr'><em>ἐν</em></span> <span class='ocrx_word' id='word_1_259' title='bbox 872 3215 933 3304; x_wconf 80' lang='grc' dir='ltr'><em>μέν</em></span> <span class='ocrx_word' id='word_1_260' title='bbox 943 3229 1010 3294; x_wconf 85' lang='grc' dir='ltr'><em>τοῖς</em></span> <span class='ocrx_word' id='word_1_261' title='bbox 1021 3211 1067 3283; x_wconf 86' lang='grc' dir='ltr'><em>ἐπ’</em></span> 
     </span>
     <span class='ocr_line' id='line_1_32' title="bbox 65 3311 1121 3406; baseline 0.002 -22"><span class='ocrx_word' id='word_1_262' title='bbox 65 3315 223 3406; x_wconf 88' lang='grc' dir='ltr'><em>άριστερά</em></span> <span class='ocrx_word' id='word_1_263' title='bbox 234 3325 295 3386; x_wconf 87' lang='grc' dir='ltr'><em>τοῦ</em></span> <span class='ocrx_word' id='word_1_264' title='bbox 307 3316 428 3406; x_wconf 81' lang='grc' dir='ltr'><em>Ἑρμοῦ</em></span> <span class='ocrx_word' id='word_1_265' title='bbox 441 3317 583 3387; x_wconf 76' lang='grc' dir='ltr'><em>ἑκάστου</em></span> <span class='ocrx_word' id='word_1_266' title='bbox 601 3319 834 3406; x_wconf 81' lang='grc' dir='ltr'><em>ἐπιγέγραπται</em></span> <span class='ocrx_word' id='word_1_267' title='bbox 844 3311 980 3402; x_wconf 77' lang='grc' dir='ltr'><em>λέγεινὸ</em></span> <span class='ocrx_word' id='word_1_268' title='bbox 996 3313 1121 3398; x_wconf 66' lang='lat' dir='ltr'><em>‘Eo-229</em></span> 
     </span>
    </p>
   </div>
   <div class='ocr_carea' id='block_1_3' title="bbox 0 0 1208 3780">
    <p class='ocr_par' dir='ltr' id='par_1_5' title="bbox 0 0 1208 3780">
     <span class='ocr_line' id='line_1_33' title="bbox 0 0 1208 3780; baseline 0 2"><span class='ocrx_word' id='word_1_269' title='bbox 0 0 1208 3780; x_wconf 95' lang='lat' dir='ltr'><em> </em></span> 
     </span>
    </p>
   </div>
  </div>
 </body>
</html>
