2408 3780
134 171 196 233 240
499 173 785 233 ΠΛΑΤΩΝΟΣ
1090 181 1142 235 ιθλ

96 351 114 398 E
133 339 194 400 τοῦ
210 341 342 419 μακροῦ
359 331 510 419 άγκῶνος
524 339 586 398 τοῦ
596 329 678 398 κατά
688 337 815 399 Νεῖλον
827 330 968 419 ἐκλήθη·
992 334 1046 399 καὶ
1058 333 1142 419 πρὸς

130 440 177 522 τῶ
194 429 319 518 άγκῶνι
335 432 497 501 λανθάνει
515 450 568 514 σε,
587 427 637 496 ὅτι
648 435 682 498 ολ
690 434 846 516 μέγιστον
856 436 1063 515 φρονοῦντες
1073 439 1143 498 τῶν

132 539 309 599 πολιτικῶν
320 530 461 617 μάλιστα
472 532 571 613 ἐρῶσι
580 536 803 616 λογογραφίας
812 531 910 598 τεκαὶ
918 537 1142 611 καταλείψεως

134 630 416 718 συγγραμμάτων,
438 631 523 713 οἵγε
540 627 596 694 καὶ
613 628 747 695 ἐπειδάν
764 654 838 695 τινα
854 629 1009 715 γράφωσι
1025 629 1140 716 λόγου,

134 726 239 808 οὕτως
251 727 401 814 άγαπῶσι
411 727 490 805 τοῦς
500 729 685 810 ἐπαινέτας,
699 724 782 793 ῶστε
793 727 1142 813 προσπαραγράψουσι

133 829 302 914 πρώτους,
320 833 354 897 οἳ
363 823 406 895 άν
417 826 600 911 ἑκασταχοῦ
610 827 789 892 ἐπαινῶσιν
801 822 931 905 αὐτούς.

47 982 56 999 ,
218 932 308 993 ΦΑΙ,
343 931 422 1002 Πῶς
433 926 537 1010 λέγεις
547 929 661 1002 τοῦτο;
685 921 726 990 οῦ
736 922 801 1009 γάρ
812 924 986 1010 μανθάνω.

65 1042 117 1098 ⁸258
217 1030 290 1091 Σέλ.
327 1020 379 1090 Οὐ
397 1023 582 1107 μανθάνεις
599 1018 651 1089 ὅτι
667 1023 705 1089 ἐν
722 1019 806 1108 άρχῄ
825 1021 947 1110 άνιλρὸς
966 1033 1143 1095 πολιτικοῦ

134 1121 364 1206 συγγράμματι
374 1128 504 1206 πρῶτος
515 1117 533 1188 ὁ
546 1123 716 1205 ἐπαινέτης
724 1123 912 1204 γέγραπται.

217 1224 309 1285 ΦΑΙ.
340 1224 435 1299 Πῶςς

218 1323 292 1385 ΣΩ.
316 1316 433 1398 ’Ἐῦοξέ
448 1317 514 1385 ποῦ
534 1338 616 1404 φησι
626 1325 667 1403 τῇ
678 1324 785 1404 βουλῇ
797 1313 819 1404 ἦ
831 1320 982 1409 τῷδήμῳ
994 1316 1016 1406 ἢ
1028 1319 1143 1409 άμφο-

133 1421 256 1504 τέροις,
268 1418 323 1487 καὶ
335 1413 370 1495 ὃς
383 1414 468 1502 εἷπε,
486 1413 546 1483 τὸν
557 1412 664 1485 αὑτὸν
675 1415 715 1501 δὴ
728 1419 835 1501 λέγων
845 1417 934 1504 μάλα
946 1428 1075 1505 σεμνῶς
1086 1424 1142 1491 καὶ

133 1515 346 1603 ἐγκωμιάζων
362 1512 380 1581 ὀ
398 1515 629 1601 συγγραφεύς,
653 1517 763 1581 ἔπειτα
780 1516 866 1600 λέγει
879 1512 918 1601 δὴ
932 1516 1012 1602 μετά
1026 1528 1138 1606 τοῦτο,

133 1616 401 1701 ἐπιδεικνύμενος
411 1627 479 1693 τοῖς
491 1615 674 1694 ἐπαινέταις
682 1611 746 1701 τὴν
757 1615 878 1682 ἑαυτοῦ
889 1622 1022 1702 σοφίαν,
1034 1619 1143 1686 ἐνίοτε

133 1713 224 1782 πάνυ
234 1711 363 1800 μακρὸν
376 1712 596 1800 ποιησάμενος
605 1714 820 1800 σύγγραμμα·
834 1713 918 1802 ἤσοι
929 1714 1009 1782 ἄλλο
1019 1743 1050 1782 τι
1060 1726 1145 1803 φαλ-

95 1838 114 1888 Β
132 1839 222 1881 νεται
233 1811 269 1880 τὸ
283 1821 436 1882 τοιοῦτον
446 1808 469 1900 ἢ
480 1812 578 1900 λόγος
589 1818 893 1901 σνγγεγραμμένος;

217 1919 306 1980 ΦΑΙ.
343 1909 545 1998 Ου’κέμονγε.

215 2018 288 2080 Σέλ.
323 2008 460 2079 Οῦκοῦν
471 2009 531 2077 ἐάν
541 2008 602 2097 μὲν
613 2001 710 2087 οὗτος
721 2008 1023 2096 ἐμμένῃ,γεγ·ηθῶς
1034 2007 1144 2093 άπέρ-

131 2136 219 2197 χεται
231 2112 266 2176 ἐκ
277 2116 338 2175 τοῦ
348 2108 495 2192 θεάτρου
507 2105 524 2175 ὁ
536 2108 688 2195 ποιητής·
711 2105 771 2175 ἐάν
782 2110 818 2175 δὲ
829 2111 965 2192 ἐξαλιφῇ
975 2110 1029 2193 καὶ
1041 2105 1144 2193 άμοι--

133 2233 190 2294 ρος
209 2212 342 2294 γένηται
357 2211 582 2292 λογογραφίας
591 2199 633 2273 ’τε
651 2207 705 2275 καὶ
722 2214 784 2274 τοῦ
795 2205 884 2286 ἄξιος
894 2203 977 2273 εἶναι
989 2228 1142 2292 συγγρα-

133 2334 226 2396 φειν,
238 2316 358 2375 πενθεῖ
366 2303 467 2386 αῦτός
475 2332 510 2374 τε
522 2307 577 2375 καὶ
588 2309 621 2374 ολ
632 2308 762 2392 ἑταῖροι.

217 2414 309 2474 ΦΑΙ.
339 2407 406 2474 Καὶ
417 2405 515 2491 μάλα.

218 2510 291 2571 ΣΩ.
324 2504 441 2590 Δῆλόν
452 2529 490 2590 γε
501 2502 552 2574 ὅτι
563 2500 624 2591 οὐχ
636 2501 681 2583 ῶς
691 2501 983 2591 ὑπερφρονοῦντες
993 2511 1054 2568 τοῦ
1065 2507 1141 2571 ἐπι-

132 2603 348 2688 τηδεύματος,
360 2601 436 2671 ἀλλ’
449 2599 493 2682 ῶς
504 2603 759 2690 τεθαυμακότες.

217 2707 309 2767 οκι.
340 2693 594 2786 Πιιυμειοῦι.

217 2804 291 2865 ΣΩ.
327 2805 369 2864 Τί
383 2804 435 2879 ᾶὲς
453 2799 535 2867 ὅταν
546 2799 806 2888 ίκανὸςγένιγται
817 2802 926 2889 ῥήτωρ
937 2796 958 2888 ἢ
969 2808 1129 2888 βασιλευς

97 2926 116 2978 c
135 2899 219 2969 ῶστε
230 2894 343 2982 λαβῶν
353 2896 414 2982 τὴν
425 2899 626 2983 Λυκούργου
638 2894 659 2984 ἦ
670 2899 829 2979 Σόλωνος
839 2895 861 2985 ἢ
872 2908 1019 2985 Δαρείου
1032 2903 1138 2970 δῦνα-

130 3027 189 3088 μιυ
210 2996 380 3078 ἀθάνατος
400 2997 559 3083 γενέσθαι
582 2996 791 3083 λογογράφος
809 3000 845 3063 ἐν
861 2997 970 3081 πόλει,
995 2992 1052 3085 ἆρ’
1074 2997 1136 3068 οὐκ

132 3100 267 3168 ἰσόθεον
279 3094 405 3185 ἡγεῖται
416 3092 517 3174 αὐτός
526 3120 562 3163 τε
573 3091 679 3164 αῦτόυ
691 3098 738 3161 ἐτι
750 3099 830 3180 ζῶν,
853 3099 908 3163 καὶ
919 3102 952 3164 ολ
962 3102 1074 3165 ἔπειτα
1086 3124 1135 3185 γι-

131 3198 289 3285 γνόμενοι
309 3196 411 3266 ταῦτά
429 3202 533 3265 ταῦτα
550 3198 624 3280 περὶ
639 3192 745 3263 αὐτοῦ
762 3200 947 3283 νομιζουσι,
970 3196 1137 3284 θεῶμενοι

130 3293 236 3364 αὐτοῦ
248 3294 288 3363 τά
301 3296 555 3383 συγγράμματος

68 3334 137 3536 '
207 3403 299 3463 ΦΑΙ.
330 3399 399 3467 Καὶ
408 3396 508 3486 μάλα.
1049 3444 1077 3487 3
