2408 3780
144 199 203 263 156
495 200 599 258 ΠΛΑ
611 199 781 259 ΤΩΝΟΣ
1109 201 1146 254 18

140 358 299 446 α’νόμοιόν
310 363 386 447 ἐστι,
398 387 434 427 το
424 357 512 427 δέ’
492 358 649 444 ανύμοιον
659 353 827 441 ἀνομοίων
836 359 994 440 ἐπιθυμεῖ
1003 355 1087 421 καῖ’
1070 360 1143 444 ερᾴ.

139 459 235 538 ἄλλος
245 452 408 547 μὲνούνὸ
422 460 474 526 ἐπὶ
485 466 532 544 τῷ
543 455 675 546 ὑγιεινφ
663 461 791 541 ἔρως,
815 453 914 533 ἄλλος
932 457 1007 521 δὲο
953 450 1078 521 6‘656
1097 460 1146 542 τῷ

139 557 284 626 ιοσύδει
307 563 373 626 ἔστι
390 557 447 643 δή,
471 555 580 642 ωσπερ
597 553 671 640 ύρτι
687 559 880 631 Παυσανίας
898 557 988 636 ἔλεγε
999 565 1067 630 τοῖς
1080 552 1147 636 μὲν

102 675 121 726 c
139 656 276 742 ύγαθοῖς
285 655 388 724 καλὸν
398 660 587 782 χαρίζεσθαι
597 660 665 721 των
674 650 875 736 ἀνθρώπων,
890 665 957 730 τοῖς
968 653 1004 717 δὲ
1016 647 1145 718 ἀκολά-

138 775 226 834 στοις
245 755 396 879 αι’σχρύν,
419 753 507 822 οὕτω
525 757 578 822 καὶ
595 757 631 820 έν
645 749 757 832 αὐτοῖς
774 765 839 830 τοῖς
858 750 988 836 σοι’μασι
1000 764 1069 828 τοῖς
1080 751 1148 834 μὲν

138 854 277 940 ἀγαθοῖς
294 856 434 923 ἑκάστου
451 863 512 922 τοῦ
529 852 678 938 σωματος
691 854 745 920 καὶ
757 849 913 938 ὑγιεινοῖς
931 846 1037 918 καλὸν
1047 854 1146 933 χαρί-

138 959 251 1033 ζεσθαι
261 980 314 1020 και
304 957 389 1039 δεῖ,
408 955 463 1020 καὶ
479 961 575 1020 τούτο
569 952 712 1020 Πίστιν
689 977 713 1040 φ
730 949 837 1078 ὄνομα
847 975 885 1017 το
874 947 1061 1036 ἰατρικόν,
1072 961 1148 1026 τοῖς

139 1053 174 1118 δὲ
186 1064 298 1128 κακοῖς
311 1075 365 1116 και
354 1049 563 1116 νοσωδεσιν
575 1050 711 1136 αἰσχρόν
722 1076 756 1117 τε
769 1077 823 1118 και
812 1046 911 1116 δεῖ’
894 1060 1102 1169 αχαριστεῖν,
1116 1051 1147 1113 εί

136 1153 244 1233 μέλλει
255 1174 301 1226 τις
312 1145 559 1231 τεχνικδςεῖναι.
583 1148 729 1234 ἔστιγὰρ
748 1145 941 1235 ἰατρική,
920 1174 964 1226 ως
981 1150 1017 1214 έν
1034 1171 1145 1230 κεφα-

136 1252 217 1334 λαίῳ
235 1251 352 1332 εἰπεῖν,
376 1246 535 1332 ἐπιστήμη
553 1254 619 1314 τῶν
636 1253 697 1314 τοῦ
715 1246 865 1334 σώματος
876 1249 1047 1331 ἐρωτικῶν
1056 1240 1143 1329 πρὸς

136 1340 331 1429 πλησμονὴν
348 1345 403 1411 καὶ
422 1347 579 1431 κένωσιν,
601 1341 685 1413 καὶὸ
703 1344 953 1430 διαγιγνώσκων
964 1347 1001 1411 ἐν
1011 1343 1143 1420 τούτοις

96 1463 117 1512 D
136 1440 194 1509 τὸν
205 1440 308 1508 καλόν
319 1467 353 1508 τε
364 1443 419 1509 καὶ
431 1440 567 1528 αίσχρδν
578 1447 692 1528 ἔρωτα,
706 1435 802 1522 οὗτός
814 1440 931 1512 έστινὸ
945 1441 1144 1529 ίατρικιύτα-

135 1567 204 1626 τος,
222 1542 273 1607 καί
288 1537 304 1608 ὁ
317 1541 532 1628 μεταβάλλειν
543 1550 665 1629 ποιεῖν,
680 1541 762 1610 ὥστε
774 1540 847 1609 ύντὶ
857 1549 919 1609 τοῦ
930 1543 1046 1628 ἑτέρου
1057 1546 1141 1625 ἔρω-

134 1665 189 1718 τος
206 1636 265 1706 τδν
282 1640 396 1726 ἕτερον
413 1649 573 1729 κτᾶσθαι,
597 1644 651 1710 καὶ
669 1638 716 1722 οἷς
727 1642 770 1729 μὴ
784 1647 911 1710 ένεστιν
927 1647 1025 1727 ἔρως,
1044 1644 1098 1707 δεῖ
1108 1636 1139 1707 δ”

134 1742 343 1824 ἐγγενέσθαι,
367 1739 580 1827 έπιστύμενος
597 1745 772 1828 ἐμποιῆσαι
791 1745 845 1808 καὶ
866 1741 984 1810 ἐνόντα
1008 1744 1143 1824 ἐξελεῖν,

133 1833 261 1922 τίγαθδς
273 1831 316 1903 ἂν
328 1846 376 1924 είη
389 1842 597 1926 δημιουργός,
618 1846 670 1909 δεῖ
682 1838 745 1926 γδιρ
758 1839 797 1925 δι)
810 1840 849 1907 τὰ
862 1845 997 1925 ἔχθιστα
1008 1838 1092 1907 ὅντα
1107 1841 1145 1906 ἐν

132 1942 177 2025 τῷ
196 1934 321 2021 στόματι
339 1943 419 2021 φίλα
438 1932 511 2006 οἷόν
528 1937 554 2006 τ’
576 1937 657 2007 εἶναι
676 1953 782 2006 ποιεῖν
798 1940 853 2006 καὶ
870 1941 952 2027 ἐραν
970 1938 1126 2025 ἀλλήλων

131 2038 199 2101 ἔστι
211 2036 247 2104 δὲ
256 2041 392 2122 ἔχθιστα
404 2036 443 2104 τδι
455 2040 691 2122 ἐναντιώτατα,
714 2033 843 2121 ψυχρὰν
860 2046 993 2126 θερμῷ,
1017 2034 1143 2119 πικρὸν

131 2142 262 2219 γλυκεῖ,
282 2132 382 2221 ξηρὸν
394 2132 501 2226 ὑγρῷ,
520 2136 629 2204 πάντα
641 2133 680 2203 τοὶ
691 2142 844 2202 τοιαῦτα·
867 2135 996 2214 τούτοις
1008 2138 1139 2221 ἐπιστη-

96 2258 116 2307 Ε
134 2235 206 2313 θείς
221 2238 326 2320 ἔρωτα
344 2236 518 2320 ἐμποιῆσαι
534 2237 589 2303 καὶ
607 2231 766 2322 ὁμόνοιαν
777 2229 795 2302 6
807 2230 964 2319 ἡμέτερος
976 2233 1144 2317 πρόγονος

129 2330 337 2419 Ἀσκληπιός,
359 2330 404 2412 ὥς
421 2354 523 2419 φασιν
541 2338 608 2402 οίδε
626 2336 660 2401 oc
674 2335 804 2420 ποιηταὶ
822 2334 877 2401 καὶ
895 2332 957 2416 ἐγω
970 2339 1142 2419 πείθομαι,

132 2437 312 2519 συνέστησε
323 2431 385 2518 τήν
395 2429 557 2519 ἡμετέραν
567 2437 691 2521 τέχνην.
704 2431 727 2520 ἥ
737 2458 771 2500 τε
783 2424 847 2501 σύν
861 2431 990 2518 ίατρικύ
998 2483 1007 2518 ,
1028 2430 1143 2517 ὥσπερ

131 2536 233 2618 λέγω,
255 2539 345 2598 ποῖσα
364 2532 418 2598 διὰ
429 2539 489 2598 τοῦ
500 2541 585 2600 θεοῦ
601 2535 723 2601 τούτου
740 2539 959 2620 κυβερνᾶται,
982 2527 1143 2610 ωσαύτως

64 2649 113 2705 187
132 2632 167 2697 δὲ
184 2630 239 2697 καί
253 2627 460 2716 γυμναστικὴ
480 2632 535 2698 καὶ
558 2638 716 2717 γεωργία·
739 2629 880 2718 μουσικὴ
904 2631 940 2700 δὲ
964 2633 1018 2699 καὶ
1041 2632 1143 2698 παντὶ

130 2730 314 2815 κατύδηλος
327 2734 373 2817 τῷ
386 2730 442 2796 καὶ
459 2729 601 2817 σμικρδν
618 2733 811 2816 προσέχοντι
822 2727 882 2799 τὸν
893 2737 978 2799 νούν
991 2728 1043 2798 ὅτι
1055 2726 1141 2796 κατὰ

130 2825 232 2896 ταύτὰ
246 2833 310 2913 ἔχει
320 2827 466 2914 τούτοις,
490 2828 601 2913 ὥσπερ
613 2839 691 2908 ίσως
702 2830 756 2897 καὶ
762 2825 973 2914 Ἡράκλειτος
982 2827 1142 2916 βούλεται

129 2932 255 3012 λέγειν,
278 2927 346 2995 ἐπεὶ
367 2939 436 3005 τοῖς
454 2953 492 3012 γε
514 2928 659 3014 ῥήμασιν
676 2925 718 2995 ού
736 2933 844 3005 καλῶς
862 2929 955 3013 λέγει.
975 2925 1012 2995 τὸ
1025 2929 1062 2994 ἓν
1073 2927 1142 3012 γάρ

129 3049 211 3116 φησι
230 3026 475 3113 διαφερόμενον
492 3023 573 3093 αύτδ
591 3021 683 3116 αύτῷ
694 3028 938 3113 ξυμφέρεσθαι,
951 3027 1063 3109 ὥσπερ
1077 3023 1140 3110 ἆρ·

128 3133 249 3217 μονίαν
265 3127 365 3208 τόξου
381 3127 484 3195 τεκαὶ
502 3124 613 3211 λύρας.
638 3131 706 3193 ἔστι
724 3125 759 3194 δὲ
777 3122 881 3210 πολλὴ
899 3121 1015 3210 ἀλογία
1031 3121 1142 3211 ἁρμο-

128 3236 206 3298 νίαν
227 3227 333 3313 φύναι
356 3229 575 3313 διαφέρεσθαι
600 3219 677 3311 ἦέκ
698 3227 950 3310 διαφερομένων
973 3229 1020 3292 ἔτι
1042 3222 1139 3292 εἶναι.

42 3324 110 3461 x
127 3324 202 3399 ἀλλ’
216 3337 294 3406 ίσως
303 3326 379 3396 τόδε
388 3324 544 3413 ἐβούλετο
554 3329 671 3410 λέγειν,
684 3319 735 3390 ὅτι
746 3324 782 3390 ἐκ
791 3324 1042 3409 διαφερομένων
1052 3324 1141 3407 πρό-

138 3453 224 3511 αρον
236 3432 300 3494 τού
311 3419 467 3506 ύξέοςκαὶ
475 3425 613 3514 βαρέος,
632 3428 741 3492 ἔπειτα
753 3420 895 3507 ὕστερον
907 3418 1138 3507 ὁμολογησάν-

42 3470 103 3544 ⁷²³

42 3516 58 3671 γ
105 3580 137 3629 ,²

42 3704 74 3748 'J
