2408 3780
137 142 198 220 190
488 160 778 220 ΠΛΑΤαΝοΣ
1105 167 1142 219 τι

137 320 314 407 ραβάλλειν
324 319 368 406 μή
382 318 444 388 οὐκ
457 324 576 400 ἐξίσον
586 311 616 408 ή.
640 320 695 386 καί
706 317 791 404 άμα,
814 307 841 386 ά
851 315 1007 403 μακάριε,
1031 324 1139 387 πείθει

85 433 119 482 >D
136 424 169 484 τί
183 438 220 486 σε
237 417 418 504 Σωκράτης
436 409 484 484 ῶν
496 416 570 502 άρτι
587 414 692 496 είπενς
713 409 735 502 ή
753 412 853 482 οίσθα
873 412 924 482 ότι
941 411 1141 483 τούναντίον

136 516 203 584 ἐστὶ
214 510 312 602 πᾶνή
329 512 348 583 ό
365 519 494 601 ἐλεγενς
516 507 614 594 ούτος
629 515 709 600 γάρ,
731 513 795 581 ἐάν.
805 539 879 580 τινα
897 508 960 597 ἐγῶ
979 514 1140 582 ἐπαινέσω

135 614 258 682 τούτου
275 614 440 699 παρόντος
460 609 488 706 ή
499 607 622 698 θεόνή
645 610 830 697 άνθρωπον
848 609 952 678 άλλον
968 604 991 696 ή
1007 617 1138 691 τοῦτον,

136 709 197 780 οὐκ
209 711 365 798 άφέξεταί
372 739 438 799 μον
449 710 495 780 τῶ
506 725 602 799 χεῖρε.
650 705 722 778 Ούκ
735 706 952 796 εύφημήσεις;
965 708 1068 792 φάναι
1079 705 1140 775 τόν

134 810 309 897 Σωκράτη.
358 809 421 879 Mo}
444 808 505 878 τόν
527 812 694 894 Ποσειδῶ,
719 811 822 874 εἰπεῖν
841 803 902 874 τόν
919 802 1139 892 Ἀλκιβιάδην,

134 907 238 993 μηδὲν
256 911 330 992 λέγε
342 906 425 992 πρὸς
435 915 557 992 ταῦτα,
581 905 625 986 ῶς
643 903 706 990 ἐγω
720 900 793 972 οὐδ’
806 898 850 970 άν
861 904 919 970 ἕνα
931 902 1034 969 ἄλλον
1045 905 1137 970 ἐπαι-

134 1005 264 1090 νέσαιμι
277 1012 340 1070 σού
352 1003 527 1087 παρόντος.
548 1000 634 1073 Ἀλλ’
647 1001 736 1070 οὕτω
748 1007 850 1087 ποίει,
862 1000 966 1085 φάναι
977 997 1038 1068 τόν
1046 998 1140 1086 Ἐρω-

135 1106 286 1186 ξίμαχον,
309 1106 339 1169 εί
353 1099 482 1189 βούλει·
505 1100 669 1186 Σωκράτη
690 1103 874 1167 ἐπαίνεσον.
918 1105 996 1176 Πῶς
1018 1103 1142 1183 λέγειςς

135 1203 237 1266 εἰπεῖν
247 1195 308 1267 τόν
316 1196 540 1286 Ἀλκιβιάδην·
556 1202 649 1265 δοκεῖ
655 1205 788 1282 χρήναι,
803 1189 1046 1282 άἘρνξίμαχες
1068 1198 1141 1264 ἐπι-

95 1308 116 1357 Ε
133 1302 247 1381 θῶμαι
264 1303 311 1385 τῶ
325 1294 422 1380 άνδρί
439 1297 495 1364 καί
512 1295 745 1382 τιμωρήσωμαι
761 1291 858 1380 ὑμῶν
875 1296 1043 1374 ἐναντίον;
1068 1285 1137 1360 Οὔ·

133 1418 199 1480 τος,
212 1389 317 1478 φάναι
327 1391 387 1461 τόν
397 1394 572 1480 Σωκράτη,
585 1400 619 1460 τί
627 1396 663 1462 ἐν
672 1401 719 1483 νῷ
731 1399 826 1479 ἐχειςς
839 1394 890 1459 ἐπὶ
901 1391 940 1460 τά
950 1391 1140 1477 γελοιότερά

134 1516 173 1576 με
190 1491 385 1577 ἐπαινέσεις,
406 1486 479 1578 ήτί
492 1492 653 1579 ποιήσειςς
679 1488 817 1576 Τάληθῆ
841 1494 913 1573 ἐρῶ.
937 1488 1011 1557 ἀλλ’
1031 1487 1093 1571 ὅρα
1112 1495 1141 1557 εί

134 1594 263 1675 παρίης.
305 1585 402 1657 Ἀλλά
413 1591 542 1676 μέντοι,
566 1590 687 1675 φάναι,
709 1587 749 1655 τά
761 1614 797 1674 γε
809 1585 920 1674 άληθή
935 1593 1072 1673 παρίημι
1084 1588 1140 1654 καὶ

134 1687 259 1753 κελεύω
270 1690 387 1773 λέγειν.
434 1685 506 1756 Ούκ
524 1683 569 1756 άν
586 1688 768 1774 φθάνοιμι,
792 1692 897 1754 εἰπεῖν
907 1686 965 1754 τόν
975 1683 1138 1772 Ἀλκιβιά-

110 1789 112 1793 ’
135 1788 206 1871 δην.
229 1786 284 1851 καί
301 1788 414 1870 μέντοι
431 1783 552 1854 οὑτωσὶ
570 1792 719 1872 ποίησον.
741 1783 802 1854 ἐάν
811 1812 842 1852 τι
853 1782 897 1872 μή
910 1782 1032 1871 άληθές
1043 1787 1142 1869 λέγω,

134 1877 256 1966 μεταξύ
267 1883 437 1972 ἐπιλαβοῦ,
450 1879 493 1952 άν
504 1884 625 1971 βούλη,
639 1885 695 1953 καὶ
709 1881 776 1952 είπὶ
789 1881 839 1952 ὅτι
850 1891 947 1950 τοῦτο
959 1881 1139 1968 ψεύδομαι·

65 1999 117 2054 215
135 1980 221 2048 ἑκών
236 1977 301 2065 γάρ
321 1978 405 2049 εἶναι
422 1977 522 2049 ούόέν
543 1981 716 2067 ψεύσομαι.
740 1978 799 2049 ἐάν
820 1983 932 2066 με’ντοι
954 1978 1136 2066 άναμιμνη-

136 2075 659 2164 σκόμενοςάλλοάλλοθενλέγω,
682 2077 785 2165 μηδὲν
800 2077 992 2166 θαυμάσῃς·
1018 2075 1058 2145 ού
1074 2077 1140 2162 γάρ

135 2202 166 2243 τι
182 2173 300 2264 ῥηίδιον
316 2174 378 2262 τήν
395 2176 459 2262 σήν
475 2172 615 2242 άτοπίαν
627 2167 689 2242 οἷδ’
706 2180 813 2261 ἔχοντι
829 2172 980 2261 εὐπόρως
996 2177 1050 2243 καὶ
1062 2178 1141 2260 ἐφε-

136 2281 454 2360 ξήςκαταριθμησαι.

219 2374 342 2438 xxxfl.
382 2369 547 2457 Σωκράτη
561 2368 594 2438 δ’
607 2370 671 2456 ἐγιό
683 2373 840 2459 ἐπαινεῖν,
854 2363 881 2439 ά
894 2371 1022 2460 ἄνδρες,
1035 2371 1141 2452 οὕτως

136 2468 347 2556 ἐπιχειρήσω,
368 2467 413 2536 δι’
426 2468 576 2537 είκόνων.
588 2460 685 2549 οὗτος
697 2468 758 2556 μὲν
769 2462 833 2538 οὖν
843 2480 921 2551 ἴσως
932 2472 1076 2560 οἰήσεται
1087 2471 1141 2539 ἐπὶ

136 2565 175 2635 τά
198 2566 405 2653 γελοιότερα,
428 2573 518 2634 ἔσται
537 2563 567 2633 δ’
589 2562 720 2653 ήείκῶν
731 2575 791 2635 τοῦ
802 2565 953 2656 άληθοῦς
962 2571 1074 2652 ἕνεκα,
1097 2565 1139 2634 οὐ

135 2671 196 2733 τοῦ
206 2672 347 2750 γελοίου.
361 2666 444 2753 φημὶ
452 2662 517 2752 γάρ
530 2662 569 2752 δή
582 2661 777 2752 ὁμοιότατον
786 2665 891 2737 αύτόν
899 2668 982 2736 εἶναι
992 2679 1059 2742 τοῖς
1070 2682 1139 2729 σει-

95 2784 116 2836 B
135 2771 246 2849 ληνοῖς
267 2762 398 2843 τούτοις
418 2776 486 2841 τοίς
507 2764 545 2831 ἐν
565 2776 632 2842 τοῖς
655 2763 904 2851 ἕρμογλνφείοις
924 2764 1137 2850 καθημένοις,

135 2861 195 2941 ούς
210 2887 303 2942 τινας
319 2860 509 2947 ἐργάζονται
526 2865 559 2929 ol
576 2865 770 2950 δημιουργοὶ
793 2863 950 2949 σύριγγας
971 2855 995 2947 ή
1014 2856 1139 2940 αὐλούς

134 2968 283 3049 ἔχοντας,
308 2968 342 3030 οἳ
356 2962 466 3048 διχάδε
478 2964 677 3048 διωχθέντες
693 2969 869 3051 φαίνονται
881 2964 1023 3029 ἔνδοθεν
1034 2957 1136 3045 άγάλ-

134 3089 219 3147 ματα
238 3067 368 3150 ἔχοντες
383 3073 484 3134 θεῶν.
508 3067 563 3135 καὶ
580 3067 664 3154 φημὶΙ
682 3059 726 3134 αύ
743 3068 883 3135 ἐοικέναι
899 3061 1003 3132 αὐτόν
1018 3071 1064 3150 τῷ
1077 3086 1130 3131 σα-

133 3159 222 3251 τύρῳ
234 3168 280 3283 τρλ
292 3164 451 3255 Μαρσύᾳ.
475 3163 599 3250 ὅτιμὲν
616 3155 681 3232 οὖν
696 3164 735 3232 τό
749 3188 787 3250 γε
800 3160 886 3242 είόος
896 3160 1009 3249 ὅμοιος
1020 3161 1136 3230 εἶτού-

132 3283 216 3342 τοις,
241 3286 267 3327 ω
288 3260 480 3347 Σάκρατες,
503 3260 579 3330 οὐδ’
602 3259 702 3342 αὐτὸς
719 3260 761 3349 δή
777 3287 844 3331 πον
859 3258 1135 3352 άμφισβητήσαις·

56 3440 65 3455 ,
128 3354 177 3433 ῶς
187 3356 224 3424 δέ
239 3359 295 3427 καί
307 3351 410 3429 τᾶλλα
423 3367 547 3446 ἔοικας,
569 3356 649 3447 μετά
667 3367 766 3430 τούτο
784 3359 896 3431 ἄκουε.
919 3357 1075 3449 ὑβριστής
1092 3358 1134 3428 εί·
