2408 3780
151 150 212 213 146
512 151 802 210 ΠΛΑΤΩΝΟΣ
1143 160 1162 212 8

149 331 231 378 στον
246 307 341 397 ἡμῶν
356 310 457 394 λόγον
476 315 579 379 εἰπεῖν
592 316 731 378 ἔπαινον
740 306 884 395 ’Ἑρωτος
895 311 947 377 ἐπὶ
960 309 1049 389 δεξιά
1063 306 1108 389 ὥς
1119 308 1163 377 άν

151 409 289 496 δύνηται
307 409 500 496 κάλλιστον,
524 407 637 495 άρχειν
654 409 690 476 δὲ
706 413 856 494 Φαίδρον
874 414 1026 495 πρῶτον,
1048 411 1162 496 ἐπειδη

151 512 206 577 καὶ
224 515 353 592 πρῶτος
370 507 556 577 κατάκειται
575 508 630 575 καὶ
648 512 738 574 ἔστιν
754 503 822 592 ἅμα
840 505 948 593 πατὴρ
966 514 1027 575 τοῦ
1044 507 1159 594 λόγον.

153 605 273 686 Οὐδείς
284 626 352 693 σοι,
377 599 404 674 ά
411 604 615 692 Ἐρυξίμαχε,
638 605 743 689 φάναι
753 602 813 672 τόν
824 606 1162 693 Σωκράτη,.ε’ναντιά

152 718 328 792 ψηφιεῖται.
364 702 440 772 οὕτε
457 701 522 790 γάρ
539 701 582 770 άν
598 726 665 772 που
682 702 746 789 ἐγώ
758 702 985 791 άποφήσαιμι,
1011 699 1047 782 ὃς
1061 703 1164 774 οὐδέν

116 833 137 883 Ε
153 830 236 890 φημι
253 801 332 872 άλλο
351 805 547 871 ἐπίστασθαι
565 796 591 888 ἢ
604 801 643 868 τά
655 803 810 889 ἐρωτικά,
833 801 911 871 οὔτε
923 828 989 871 που
1008 801 1163 890 Ἀγάθων

151 905 425 987 καίΠανσανίας,
448 897 525 968 οὐδὲ
542 897 610 987 μην
622 896 878 988 Ἀριστοφάνης,
902 893 931 990 ρι’
948 902 1021 985 περὶ
1032 903 1163 970 Διόνυ-

152 1021 213 1068 σον
230 1001 284 1067 καί
300 997 496 1085 Ἀφροδίτην
514 994 639 1085 πᾶσαὴ
659 998 826 1086 διατριβή,
851 996 930 1067 οὐδὲ
942 998 1040 1080 ἄλλος
1052 999 1163 1081 οὐδεὶς

152 1099 292 1167 τουτωνὶ
310 1090 359 1166 οἷν
377 1095 441 1183 ἐμοὶ
459 1094 536 1184 ὁρῶ.
570 1103 676 1164 καίτοι
694 1094 757 1164 οὐκ
776 1100 809 1177 ἐξ
833 1107 909 1165 ίσον
925 1104 1072 1184 γίγνεται
1081 1096 1162 1186 ἡμῖν

152 1212 218 1278 τοῖς
239 1195 393 1276 ὑστάτοις
411 1196 669 1282 κατακειμένοις·
693 1193 764 1263 ἀλλ’
785 1194 843 1264 ἐάν
862 1199 896 1264 οί
915 1195 1066 1282 πρόσθεν
1087 1203 1162 1266 ι’κα-

152 1307 217 1378 νῶς
228 1300 282 1366 καί
294 1303 401 1375 καλῶς
413 1304 559 1378 εἴπωσιν,
572 1294 737 1378 ἐξαρκέσει
749 1291 838 1383 ἡμῖν.
860 1294 944 1365 άλλδι
955 1296 1036 1384 τάχη
1048 1293 1161 1385 ἀγαθῇ

152 1399 338 1484 καταρχίτα
350 1397 494 1480 Φαῖδρος
505 1395 558 1460 καὶ
577 1395 799 1480 ἐγκαμιαζὲτω
816 1391 878 1461 τόν
889 1394 1024 1478 Ἔρωτα.
1057 1402 1161 1462 ταῦτα

153 1493 191 1582 δη
211 1495 266 1564 καὶ
285 1497 318 1562 οί
332 1493 426 1562 άλλοι
444 1492 564 1570 πάντες
581 1488 646 1578 άρα
665 1492 858 1578 ξννέφασάν
874 1519 909 1560 τε
927 1494 981 1561 καὶ
1004 1495 1161 1562 ἐκέλευον

86 1615 135 1671 178
153 1594 236 1681 άπερ
251 1591 267 1660 ὁ
279 1592 469 1680 Σωκράτης.
493 1591 628 1659 πάντων
639 1592 700 1679 μὲν
712 1585 777 1660 οάν
787 1589 809 1659 οἳ
819 1593 955 1670 ἕκαστος
968 1589 1070 1678 εἶπεν,
1084 1592 1161 1661 οὔτε

154 1694 244 1760 πάνυ
256 1690 513 1779 ὁἈριστόδημος
523 1693 682 1778 ἐμέμνητο
695 1688 760 1761 οὔτ’
775 1683 819 1759 αὖ
830 1693 894 1778 ἐγώ
906 1689 927 1759 ά
937 1696 1060 1770 ἐκεῖνος
1069 1696 1160 1778 ἔλεγε

154 1792 276 1858 πάντα·
296 1789 318 1858 ά
336 1791 371 1858 δὲ
388 1790 528 1876 μάλιστα
545 1791 599 1857 καί
617 1783 665 1858 οἷν
678 1795 770 1873 ἔδοξέ
779 1817 835 1879 μοι
846 1791 1160 1878 ἀξιομνημόνευτον,

156 1893 284 1961 τούτων
293 1890 373 1979 ὑμῖν
385 1894 448 1976 ἐρῶ
461 1889 602 1960 ἑκάστου
612 1890 672 1960 τόν
684 1892 794 1976 λόγον,

238 1998 289 2062 vl.
333 1998 477 2078 Πρῶτον
493 1994 555 2077 μὲν
573 1993 655 2077 γάρ,
679 1989 789 2076 ὥσπερ
808 1991 909 2074 λέγω,
932 1994 995 2075 ἔφη
1013 1992 1162 2075 Φαῖδρον

155 2089 339 2177 ἀρξάμενον
360 2094 499 2159 ἐνθένδε
522 2093 628 2157 ποθὲν
650 2089 768 2174 λέγειν,
792 2086 843 2154 ὅτι
860 2089 961 2174 μέγας
977 2083 1057 2165 θεός
1074 2084 1161 2172 είηὸ

146 2189 252 2277 Ἔρως
269 2192 323 2256 καὶ
340 2188 536 2274 θαυμαστός
553 2192 590 2256 ἐν
608 2185 803 2273 ἀνθρώποις
820 2213 854 2255 τε
873 2189 928 2255 καὶ
947 2195 1056 2270 θεοῖς,
1078 2192 1163 2252 πολ-

155 2295 238 2377 λαχῇ
254 2290 315 2374 μὲν
331 2288 385 2355 καὶ
404 2285 503 2376 άλλη,
527 2285 588 2374 οάχ
603 2285 722 2375 ἥκιστα
734 2287 770 2356 δὲ
782 2284 864 2354 κατά
875 2284 937 2372 τὴν
948 2291 1087 2371 γένεσιν.
1123 2283 1161 2353 τδ

116 2411 135 2460 Β
154 2387 217 2475 γάρ
236 2390 272 2456 ἐν
282 2401 351 2468 τοῖς
360 2386 590 2476 πρεσβύτατον
601 2385 684 2455 εἶναι
695 2396 763 2457 τοῖν
772 2393 866 2456 θεῶν
877 2396 1003 2471 τίμιον,
1027 2377 1047 2471 ἦ
1063 2380 1093 2450 δ’
1110 2382 1162 2463 ὅς·

153 2488 330 2574 τεκμήριον
348 2489 384 2556 δὲ
400 2488 537 2556 τούτου·
559 2494 661 2575 γονῆς
678 2485 889 2574 γάρ”Ερατος
902 2480 973 2551 οὔτ’
990 2483 1072 2551 εἰσίν
1084 2481 1164 2552 οὔτε

154 2587 305 2671 λέγονται
322 2583 383 2652 ὑπ’
403 2584 542 2666 οὐδενός
560 2585 636 2655 οὔτε
655 2585 789 2654 ἰδιώτου
806 2581 884 2652 οάτε
909 2589 1065 2669 ποιητοῦ,
1088 2579 1161 2651 ἀλλ’

148 2680 300 2762 Ἡσίοδος
317 2692 452 2771 πρῶτον
469 2687 529 2771 μὲν
547 2686 627 2771 χάος
645 2684 909 2771 φησίηενέσθαι,
935 2677 1039 2764 αὐτὰρ
1052 2687 1165 2749 ἔπειτα

239 2780 318 2867 [μαλ’
332 2780 568 2871 εὐρύστερνος,
579 2784 715 2851 πάντων
728 2783 801 2860 ἕδος
810 2777 957 2865 άσφαλὲς
968 2784 1041 2866 αίεί,

238 2878 405 2966 ἥδ’Ἒοοε]

156 2981 237 3069 φησὶ
248 2976 328 3065 μετὰ
340 2979 377 3047 τὸ
389 2977 468 3067 χάος
480 2980 541 3048 δάο
553 2981 660 3048 τοότω
672 2983 843 3066 γενέσθαι,
867 2985 940 3066 Γῆν
950 3004 984 3048 τε
996 2979 1165 3063 καίἝρα-

154 3107 202 3147 τα.
226 3083 437 3166 Παρμενίδης
450 3076 804 3167 δὲτηνΓένεσινλέχει

240 3177 427 3264 κράτιστον
437 3178 629 3267 μὲνἝροιτα
640 3185 733 3246 θεοῖν
743 3184 901 3265 μητίσατο
914 3177 1059 3245 πάντων.

12 3306 15 3311 ·
120 3275 294 3366 ρἨσιόδρι
313 3278 349 3347 δὲ
368 3274 816 3364 καὶἈκουσίλεοςὸμολοηεί.
850 3273 940 3347 οὕτω
954 3275 1166 3361 πολλαχόθεν

61 3426 87 3533 Ι
157 3373 364 3462 ὁμολογεῖται
381 3372 514 3464 όἚροις
525 3379 562 3445 ἐν
573 3391 640 3457 τοϊς
651 3373 875 3465 πρεσβύτατος
887 3373 980 3444 εἶναι.
1015 3376 1162 3465 πρεσβύ-
