2408 3780
111 183 153 248 82
478 187 582 246 ΠΛΑ
592 185 757 248 ΤΩΝΟΣ

110 372 192 432 γονς
203 347 313 433 πύθη,
326 346 432 432 λύπη,
451 345 533 413 κατὰ
545 347 650 430 φύσιν
660 344 692 414 δ’
706 344 726 432 ἡ
738 347 839 414 πόλιν
850 345 1008 428 ολττόδοσό,Ὶ
1018 376 1053 418 τε
1064 353 1119 421 καὶ

111 441 331 530 ψύξιςὴδονή.

195 548 297 610 ΠΡΩ.
330 543 430 609 Πόνν
441 534 586 628 μὲνοῦν.

194 645 268 708 ΣΩ.
301 640 367 706 Καὶ
390 641 504 725 ρλγονς
524 636 545 726 ἡ
569 643 630 726 μὲν
650 639 739 726 παρὰ
757 640 861 725 φύσιν
877 651 938 710 τοῦ
958 644 1044 724 ζύον
1060 651 1119 731 τῆς

111 739 294 828 ὑγρότητος
306 742 401 824 πῆξις
410 739 516 825 λύπη·
534 738 634 806 πόλιν
646 735 676 805 δ’
691 742 737 816 εἰς
747 736 871 807 ταύτὸν
881 737 1050 810 ἀπιόντων
1062 744 1118 811 καὶ

42 844 47 853 '
112 839 374 924 διακρινομένων
390 835 411 924 ἡ
429 837 513 904 κατὰ
531 837 635 923 φύσιν
654 833 730 915 ὁδός
746 833 861 923 ἡδονή.
895 841 951 907 καὶ
969 840 1117 929 ἑνλλόγιμ

112 935 230 1004 σκόπει
240 945 272 1003 ελ
280 953 333 1002 σοι
343 939 474 1020 μέτριος
484 930 502 1002 ὁ
514 934 629 1019 λόγος,
648 930 684 1012 ὃς
695 929 739 1001 όὶν
751 942 800 1021 φῇ
809 934 846 1000 τὸ
858 936 894 1002 ἐκ
905 942 965 1002 τού
977 939 1117 1023 ύπείρου

70 1047 91 1096 Β
110 1034 164 1100 καὶ
176 1033 315 1118 πέρατος
327 1029 409 1100 κατὰ
422 1031 528 1116 φύσιν
538 1037 685 1117 ἔμψυχον
695 1030 833 1117 γεγονὸς
843 1030 939 1119 εἶδος,
951 1030 1033 1121 ὅπερ
1045 1039 1117 1103 ἔλε-

109 1155 172 1215 γον
191 1133 228 1198 ἐν
245 1136 291 1220 τῷ
303 1128 470 1214 πρόσθεν,
493 1126 574 1195 όταν
585 1125 646 1214 μὲν
657 1135 755 1196 τοῦτο
767 1136 960 1216 φθείρηται,
983 1128 1045 1218 την
1055 1132 1117 1218 μὲν

110 1226 249 1314 φθορὰν
265 1226 374 1312 λύπην
392 1224 490 1311 εἶναι,
515 1225 578 1310 την
594 1223 625 1293 δ’
639 1225 757 1314 εἰςτην
767 1225 880 1296 αὑτῶν
890 1227 1010 1297 ούσίαν
1020 1227 1115 1317 ὁδόν,

108 1327 234 1412 ταύτην
245 1324 277 1392 δ’
290 1317 334 1392 αύ
346 1324 446 1392 πόλιν
456 1323 518 1409 την
529 1321 739 1410 ἀναχώρησιν
752 1326 889 1394 πόντων
898 1324 1036 1413 ἡδονήν.

103 1509 106 1513 ,
194 1443 297 1507 ΠΡΩ.
321 1436 444 1505 Ἔστω·
463 1442 554 1505 δοκεῖ
562 1436 626 1522 γάρ
638 1461 694 1521 μοι
703 1437 812 1505 τύπον
822 1439 862 1522 γε’
870 1464 944 1506 τινα
955 1444 1050 1525 ἔχειν.

194 1558 267 1620 ΣΩ.
307 1557 412 1620 Τοῦτο
431 1550 491 1636 μὲν
508 1554 624 1616 τοίνυν
635 1551 673 1616 ἓν
683 1545 768 1627 εἶδος
779 1549 952 1636 τιθύμεθα
962 1552 1070 1640 λύπης
1080 1581 1116 1621 τε

108 1651 163 1718 καὶ
173 1647 296 1737 ἡδονῆς
306 1652 342 1716 ἐν
352 1647 481 1726 τούτοις
492 1658 559 1725 τοῖς
569 1646 716 1714 πύθεσιν
727 1647 905 1730 ἕκατέροιςς
956 1678 960 1682 ’

192 1767 294 1832 lma.
327 1767 470 1829 Κείσθω.

192 1879 300 1943 XVIII.
343 1879 417 1942 ΣΩ.
452 1880 545 1941 Τίθει
557 1880 674 1941 τοίνυν
684 1869 785 1958 αὐτῆς
796 1880 854 1960 τῆς
863 1881 969 1959 ψυχῆς
978 1872 1062 1942 κατὰ
1075 1874 1114 1944 τό

74 1989 92 2040 c
110 1970 239 2039 τούτων
259 1977 327 2038 τῶν
348 1971 555 2057 παθημάτων
577 1969 793 2058 προσδόιιημα
814 1969 851 2039 τό
874 1972 935 2058 μὲν
957 1969 1021 2059 πρό
1044 1981 1114 2040 τῶν

107 2066 215 2153 ἡδέων
226 2067 438 2154 ἐλπιζόμενον
448 2065 512 2153 ἡδύ
523 2070 577 2136 καὶ
587 2071 788 2154 θαρραλέον,
799 2067 836 2137 τό
850 2069 885 2138 δὲ
895 2068 959 2156 πρό
972 2077 1041 2139 τοῖν
1052 2079 1115 2138 λυ·

108 2173 181 2233 πων
193 2163 341 2252 φοβερόν
352 2165 406 2233 καὶ
418 2162 581 2251 ἀλγεινόν.

190 2283 292 2347 Hm.
314 2275 406 2346 ’Ἐστι
422 2275 485 2364 γὰρ
499 2271 563 2347 οὖν
572 2275 673 2348 τοῦθ’
684 2276 807 2367 ἡδονῆς
818 2283 873 2349 καὶ
884 2280 989 2369 λύπης
999 2283 1113 2368 ἕτερον

108 2373 202 2460 εἶδος,
215 2372 251 2443 τό
264 2376 361 2462 χωρὶς
372 2381 433 2444 τοῦ
445 2375 595 2464 σώματος
605 2378 706 2464 αὐτῆς
716 2387 773 2466 τῆς
784 2385 889 2466 ψυχῆς
900 2375 954 2447 διὰ
966 2385 1114 2464 προσδο-

107 2478 179 2552 κίας
187 2474 397 2560 γιγνόμενον.

190 2591 264 2654 ΣΩ.
296 2582 423 2668 Ὀρθῶς
433 2583 603 2673 ὑπέλαβες.
636 2592 672 2656 ἐν
682 2587 747 2673 γὰρ
758 2588 888 2667 τούτοις
899 2585 1004 2673 οἶμαι,
1027 2593 1112 2658 κατά

105 2709 143 2769 γε
158 2680 221 2769 την
237 2681 320 2769 ἐμὴν
331 2683 448 2770 δόξαν,
470 2687 660 2768 εἰλικρινέσι
671 2710 706 2753 τε
717 2685 880 2769 ἑκατέροις
890 2685 1111 2773 γιγνομένοις,

107 2777 150 2860 ὡς
162 2784 267 2865 δοκεῖ,
279 2783 333 2848 καὶ
345 2779 492 2868 ἀμίκτοις
503 2781 610 2868 λύττης
620 2808 656 2851 τε
666 2785 721 2851 καὶ
731 2779 1026 2870 ἡδονῆς,ἐμφανὲς
1037 2790 1113 2852 ἔσε-

65 2898 87 2949 Ι)
105 2889 187 2948 σθαι
206 2876 243 2947 τό
267 2880 341 2966 περὶ
361 2876 423 2967 τὴν
443 2876 589 2968 ἡδονήν,
611 2879 754 2968 πότερον
776 2877 856 2948 ὅλον
876 2881 943 2949 ἐστὶ
959 2877 997 2948 ιδ
1013 2883 1112 2966 γένος

105 2976 295 3065 ἀσπαστόν,
314 2972 338 3065 ἦ
355 2983 453 3047 τοῦτο
472 2978 533 3065 μὲν
544 2979 642 3071 ἑτέρῳ
654 2987 722 3048 τόν
732 2982 982 3065 προειρημένων
994 2981 1111 3047 δοτέον

104 3073 308 3165 ἡμλνγενῶν,
316 3072 420 3166 ἡδονῇ
430 3076 634 3168 δὲκαλλύπη,
642 3078 796 3164 καθάπερ
804 3082 922 3165 θερμῷ
931 3077 1111 3167 τιαλψνγρῷ

104 3178 157 3244 καὶ
177 3182 258 3242 πᾶσι
274 3187 343 3254 τοις
361 3171 540 3263 τοιούτοις,
562 3173 902 3263 τοτὲμὲνόσπαστέον
914 3171 1015 3260 αὐτό,
1037 3176 1112 3243 τοτὲ

3 3290 7 3295 ·
105 3271 141 3340 δὲ
152 3270 214 3340 οὐκ
226 3271 427 3360 ύσπαστόον,
452 3269 619 3360 ύςᾶγαθδ
628 3273 691 3360 μὲν
702 3271 765 3343 οὐκ
775 3271 874 3360 ὄντα,
892 3275 997 3341 ἐνίοτε
1008 3276 1045 3341 δὲ
1055 3275 1108 3342 καὶ

102 3372 175 3435 ἔνια
186 3368 345 3456 δεχόμενα
355 3368 498 3460 τὴντῶν
509 3371 749 3458 ύγαθεόνέστιν
761 3369 817 3442 ὅτε
827 3370 940 3459 φύσιν.
