2408 3780
73 193 110 247 33
397 187 729 245 ΑΛΚΙΒΙΑΔΗΣ.
1011 185 1072 250 303

74 347 156 423 λέως
177 341 292 412 ούδέν·
326 347 399 413 ἐπεί
418 341 486 411 ποτ’
505 341 568 428 ἐγοδ
590 343 719 431 ήκουσα
740 341 862 429 άνδρδς
883 342 1072 426 ἀξιοπίστου

73 451 141 511 τῶν
153 441 410 532 ἀναβεβηκότων
420 442 509 529 παρά
519 448 672 530 βασιλέα,
693 439 729 523 δς
741 449 803 530 ἔφη
815 454 996 528 παρελθεῖν
1007 447 1072 531 χά-

74 568 139 625 ραν
149 543 240 610 πάνυ
251 544 378 630 πολλήν
389 545 444 612 καί
454 539 606 628 ἀγαθήν,
619 538 717 627 ἐγγύς
727 538 908 628 ἡμερησίαν
920 541 1017 629 ὁδόν,
1029 543 1071 630 ήν

73 648 187 708 καλεῖν
207 640 285 720 τούς
302 645 496 727 ἐπιχωρίους
513 642 621 725 ζωνηυ
641 648 699 726 τῆς
719 643 880 725 βασιλέως
896 642 1069 726 γυναικός·

75 738 158 807 είναι
169 739 204 808 δέ
216 741 271 808 καί
287 736 444 825 άλληνήν
462 731 508 806 αύ
522 746 697 806 καλεῖσθαι
713 737 922 823 καλύπτραν,
944 742 998 808 καὶ
1010 738 1071 806 άλ-

67 826 151 917 Ιλονς
162 836 306 916 πολλούς
317 839 441 914 τόπους
457 834 581 914 καλούς
591 836 646 904 καί
657 833 809 921 άγαθοδς
819 843 865 914 είς
876 834 934 905 τδν
945 837 1072 923 κόσμον
1091 859 1110 910 c

71 937 289 1023 ἐξῃρημένους
305 933 365 1002 τδν
381 943 438 1020 τῆς
454 933 628 1020 γυναικός,
655 938 709 1002 καί
727 932 873 1020 ὀνόματα
889 939 973 1019 ἔχειν
993 937 1070 1003 έκά-

72 1053 170 1110 στους
180 1040 249 1099 τῶν
259 1033 373 1099 τύπων
389 1029 454 1099 άπδ
469 1031 609 1100 ἑκάστου
626 1038 694 1098 των
711 1030 861 1118 κόσμων
886 1031 970 1101 ύστε
982 1031 1070 1119 οἶμαι

72 1128 152 1215 ἐγώ,
176 1139 209 1197 εί
223 1155 270 1209 τις
287 1140 372 1199 είποι
389 1137 430 1217 τῇ
439 1131 598 1216 βασιλέως
609 1135 721 1215 μητρί,
744 1131 868 1213 ,Ξέρξου
880 1134 915 1200 δέ
925 1140 1067 1218 γυναικί,

67 1226 272 1314 Ἀμήστριδι,
290 1227 342 1296 ὅτι
360 1231 396 1297 ἐν
412 1235 462 1317 νῷ
479 1233 543 1313 ἔχει
560 1233 624 1294 σού
640 1235 688 1317 τῷ
704 1231 769 1296 υίεῑ
783 1227 1067 1298 άντιτάττεσθαιὸ

71 1325 278 1412 Δεινομάχης
288 1326 378 1412 υίύς,
395 1319 419 1414 ή
429 1334 496 1396 ἔστι
508 1327 632 1412 κόσμος
651 1336 729 1406 ἴσως
741 1327 830 1409 άξιος
842 1338 936 1416 μνῶν
947 1331 1068 1416 πεντή-

73 1450 192 1509 κοντα,
215 1431 245 1492 εί
264 1425 354 1492 πάνυ
374 1433 517 1508 πολλοῦ,
540 1433 588 1515 τῷ
605 1424 636 1493 δ’
655 1430 722 1494 υίεῖ
736 1424 837 1512 αὐτῆς
857 1435 918 1513 γῆς
939 1432 1068 1514 πλέθρα

67 1521 229 1611 Ἐρχίασιν
251 1522 329 1591 ούδέ
351 1523 538 1609 τριακόσια,
565 1523 738 1610 θαυμάσαι
760 1521 803 1591 άν
825 1523 889 1614 ὅτῳ
915 1525 991 1594 ποτὲ
1012 1551 1067 1593 πι-

71 1622 198 1688 στεύων
208 1625 245 1688 ἐν
256 1629 305 1710 νῷ
315 1627 379 1707 ἔχει
390 1613 487 1700 οὗτος
495 1619 512 1689 ὁ
521 1619 726 1709 Ἀλκιβιάδης
738 1631 782 1712 τῷ
791 1621 980 1711 Ἀρτοξέρξῃ
991 1629 1064 1691 δια-
1096 1640 1117 1689 D

69 1725 281 1806 γωνίζεσθαι,
305 1722 359 1788 καί
377 1718 466 1806 οίμαι
483 1715 525 1787 άν
542 1717 648 1805 αύτήν
666 1725 768 1788 εἰπεῖν
785 1720 835 1789 ὅτι
846 1719 907 1789 οὐκ
919 1719 988 1789 ἐσθ’
1001 1721 1066 1812 ὅτῳ

69 1818 157 1906 άλλη]
168 1817 333 1886 πιστεύων
344 1810 442 1897 ούτος
459 1815 572 1905 δ’άνήρ
591 1821 745 1905 ἐπιχειρεῖ
757 1818 845 1906 πλήν
856 1824 1021 1910 ἐπιμελείᾳ
1033 1847 1067 1888 τε

69 1919 251 2004 καλουμένην
275 1925 378 1984 ταῦτα
388 1917 451 2003 γάρ
464 1916 549 2004 μόνα
560 1916 634 1998 άξια
645 1919 747 2004 λόγου
763 1923 798 1986 ἐν
813 1918 976 2006 Ἕλλησιν.
999 1923 1066 1988 ἐπεί

69 2025 101 2082 εί
108 2040 145 2099 γε
156 2015 310 2101 πύθοιτο,
324 2013 400 2083 ὅτιὸ
415 2013 621 2103 Ἀλκιβιάδης
632 2009 729 2097 ούτος
739 2026 804 2086 νῦν
815 2022 968 2105 ἐπιχειρεῖ
975 2027 1069 2105 προῖ-

68 2138 126 2179 του
147 2111 207 2197 μέν
228 2117 283 2198 ἔτη
306 2110 437 2181 ούδέπω
458 2113 604 2200 γεγονοδς
625 2116 757 2202 σφόδρα
784 2127 924 2204 είκοσιν,
959 2123 1069 2186 ἔπειτα

70 2211 281 2279 παντάπασιν
298 2210 509 2296 άπαίδευτος,
533 2212 616 2298 πρὸς
632 2216 667 2284 δὲ
683 2216 827 2301 τούτοις,
849 2225 911 2284 τού
928 2220 1069 2301 ἐραστοῦ

68 2308 158 2400 αύτῷ
170 2315 322 2396 λέγοντος
335 2309 385 2379 ὅτι
401 2309 462 2398 χρή
475 2321 609 2399 πρῶτον
620 2314 774 2400 μαθόντα
785 2315 839 2381 καὶ
852 2316 1068 2400 ἐπιμεληθέν-

67 2434 107 2476 τα
119 2406 225 2477 αύτοδ
235 2412 288 2477 καί
300 2407 490 2497 ἀσκήσαντα
498 2410 604 2490 ούτως
615 2415 699 2480 ίέναι
710 2412 992 2498 διαγωνιούμενον
1003 2420 1066 2499 βα·
1086 2428 1105 2477 E

69 2516 168 2594 σιλεῑ,
181 2505 243 2576 ούκ
255 2512 376 2595 ἐθέλει,
390 2507 474 2579 άλλά
486 2529 590 2597 φησιν
600 2514 746 2597 ἐξαρκεῖν
757 2513 811 2579 καὶ
823 2507 866 2590 ὣς
878 2516 958 2596 ἔχει,
976 2509 1066 2597 οίμαι

67 2603 112 2674 άν
128 2604 233 2694 αύτήυ
252 2608 426 2694 θαυμάσαι
446 2634 482 2676 τε
502 2611 557 2677 καί
578 2613 729 2695 ἐρέσθαι·
758 2615 792 2678 τί
807 2603 870 2677 οὖν
889 2607 958 2678 ποτ’
977 2616 1067 2678 ἐστιν

67 2705 133 2796 ύτχο
144 2705 290 2774 πιστεύει
301 2704 337 2775 τδ
350 2707 538 2792 μειράκιον;
558 2713 588 2777 εί
603 2701 667 2777 ούν
678 2713 830 2795 λέγοιμεν
844 2706 895 2776 ὅτι
907 2707 1018 2777 κάλλει
1030 2733 1065 2776 τε

67 2806 122 2871 καί
139 2808 272 2890 μεγέθει
289 2807 343 2874 καί
359 2809 449 2893 γένει
464 2808 519 2874 καὶ
537 2807 669 2898 πλούτῳ
687 2810 742 2876 καί
760 2807 859 2893 φύσει
876 2814 933 2893 τῆς
951 2815 1065 2892 ψυχῆς,
1141 2822 1145 2829 ’

66 2900 213 2989 ἡγήσαιτ’
226 2898 269 2972 άν
281 2901 378 2992 ήμὸις,
390 2897 627 2994 άἈλκιβιάδη,
645 2914 822 2993 μαίνεσθαι
832 2904 914 2992 πρδς
925 2903 964 2972 τά
978 2904 1065 2988 παρά

17 3076 20 3081 ,
66 3007 182 3085 σφίσιν
193 2999 407 3090 ἀποβλέψασα
418 3004 525 3073 πάντα
536 3005 575 3073 τά
588 3013 731 3073 τοιαῦτα.
753 3004 841 3090 οἶμαι
851 3003 886 3072 δὲ
897 2998 962 3071 κάν
971 3010 1066 3088 Λαμ-

66 3098 168 3187 πιδά,
180 3098 243 3186 τήν
253 3110 462 3190 Λεωτυχίδου
473 3103 534 3191 μὲν
544 3106 730 3190 θυγατέρα,
745 3099 943 3187 Ἀρχιδάμου
955 3101 991 3169 δὲ
1002 3125 1064 3184 γυ·
1082 3122 1132 3175 124

66 3212 180 3285 ναίκα,
195 3197 327 3284 ’Ἀγιδος
345 3204 380 3269 δὲ
397 3207 535 3289 μητέρα,
557 3209 591 3270 οἳ
601 3201 722 3280 πάντες
736 3207 881 3286 βασιλεῖς
897 3197 1064 3285 γεγόνασι,

64 3296 239 3382 θαυμάσαι
257 3293 299 3366 άν
317 3303 371 3366 καί
387 3301 513 3388 ταύτην
532 3306 578 3380 είς
595 3299 636 3369 τά
648 3298 737 3386 παρά
748 3308 864 3387 σφίσιν
874 3296 1066 3386 ὑπάρχοντα

65 3393 317 3483 άποβλέψασαν,
338 3404 368 3466 εί
377 3396 421 3465 σύ
432 3401 469 3468 ἐν
479 3408 529 3486 νῷ
538 3404 619 3486 ἔχεις
632 3407 677 3491 τῷ
689 3404 756 3469 υίεΐ
764 3397 866 3489 αύτής
878 3402 1067 3483 διαγωνίζε-

884 3688 887 3693 ·
966 3638 1013 3727 'k
