2408 3780
432 338 612 431 ΘΕΑΓ
607 346 695 430 ΗΣ

284 468 323 574 [ἦ
344 479 421 569 περὶ
449 482 595 572 σοφίας·
614 477 839 576 μαιευτικός]

254 709 304 766 ΤΑ
326 707 410 766 ΤΟΥ
429 707 653 766 ΔΙΑΛΟΓΟΥ
670 707 873 767 ΠΡΟΣΩΠΑ

130 823 455 909 ΔΗΜΟΔΟΚΟΣ,
479 822 760 909 ΣΩΚΡΑΤΗΣ,
790 821 990 891 (mm

1064 935 1101 990 St.
1112 941 1128 991 1.

141 1074 163 1133 Ι.
199 1043 255 1139 Ὦ
269 1068 457 1153 Σώκρατες,
470 1067 610 1154 ἐδεόμην
620 1067 702 1138 ἄττα
713 1089 765 1138 σοι
781 1068 1063 1154 ίδιολογήσασθαι,
1081 1023 1127 1140 δίε

55 1173 87 1235 εί
107 1167 222 1255 σχολή·
246 1162 310 1236 κόν
327 1174 359 1236 εί
373 1166 509 1254 ἀσχολία
529 1166 564 1235 δὲ
582 1165 625 1254 μὴ
644 1167 733 1236 πόνυ
751 1194 799 1246 τις
809 1168 952 1254 μεγάλη,
975 1165 1064 1254 ὅμως

56 1269 138 1352 ἐμοῦ
150 1268 265 1336 ἕνεκεν
277 1273 411 1355 ποίησαι
420 1266 550 1352 σχολήν.

141 1372 215 1433 Σίδ.
244 1363 340 1434 Ἀλλόι
351 1368 406 1434 καὶ
416 1364 525 1443 ἄλλως
533 1366 685 1452 ιυγχοίνω
697 1365 873 1451 σχολάζων,
883 1369 936 1434 καί
948 1364 988 1451 δὴ
1000 1374 1063 1433 σοῦ

56 1489 95 1548 γε
106 1464 204 1532 ἕνεκα
216 1466 271 1533 καί
283 1465 383 1533 πάνυ.
396 1462 468 1533 ἀλλ’
484 1470 514 1534 εί
522 1491 553 1531 τι
563 1463 678 1549 βούλει
688 1467 812 1550 λέγειν,
824 1469 956 1545 ἔξεστιν.

141 1570 218 1630 ΔΗ.
249 1564 371 1632 Βούλει
382 1555 446 1632 οὖν
457 1568 557 1648 δεῦρο
570 1567 615 1641 είς
625 1559 687 1647 τὴν
695 1560 844 1642 τοῦΔιὸς
855 1570 916 1631 τοῦ
927 1565 1063 1632 ἐλευθε-

56 1666 132 1746 ρίου
145 1659 247 1730 στοὰν
258 1659 412 1730 ἐκποδών
423 1659 707 1748 δποχωρήσωμει·;

120 1767 214 1831 252.
246 1763 460 1831 Είσοίδοιιεί.

139 1867 215 1927 ΔΗ.
239 1860 360 1947 Ἴωμεν
377 1859 435 1945 δή,
458 1851 486 1925 σί
502 1858 686 1943 Σώκρατες.
708 1858 867 1928 πάντατὰ
886 1858 973 1946 φυτὰ
990 1888 1063 1928 ιιιν-
1079 1878 1100 1927 Β

56 1958 189 2025 δννεόει
200 1956 259 2027 τδν
278 1955 381 2026 αὐτδν
398 1957 525 2043 τρόπον
540 1963 642 2044 ἔχειν,
667 1961 721 2026 καί
737 1957 777 2027 τδι
788 1961 891 2046 ἕντῆς
902 1967 961 2046 γῆς
974 1960 1062 2045 φυό·
1145 2000 1148 2006 ,

55 2081 139 2141 μενα
158 2058 212 2125 καί
229 2055 268 2123 τδι
287 2062 368 2141 ζόα,
390 2056 481 2124 τότε
499 2055 582 2125 ι’ίλλα
600 2062 654 2126 καί
669 2057 858 2146 ἅνθρωπος.
885 2056 1014 2144 καὶγὰρ
1026 2061 1063 2126 ἐν

54 2167 123 2234 τοῖς
141 2169 257 2239 φυτοῖς
275 2158 399 2244 ῥᾷστον
417 2153 495 2242 ἡμῖν
512 2164 611 2226 τοῦτο
632 2165 796 2245 γίγνεται,
820 2156 893 2226 ὅσοι
915 2154 977 2243 τὴν
999 2165 1064 2244 γῆν

55 2250 328 2338 γεωργοῦμεν,ιὸ
342 2253 663 2338 παρασκευάσασθαι
673 2256 780 2325 πάντα
791 2254 830 2324 τὰ
841 2258 905 2341 πρὸ
917 2264 979 2324 τοῦ
993 2282 1060 2342 φυ-

55 2350 166 2418 τεύειν
183 2354 237 2419 καί
255 2348 337 2419 αότό
355 2350 392 2420 τδ
416 2361 595 2440 φυτεῦσαι·
619 2353 752 2424 ἐπειδᾶν
773 2355 809 2424 δὲ
830 2353 867 2422 τό
890 2355 1061 2442 φυτευθὲν
1157 2439 1160 2445 ,

55 2457 120 2538 βιῷ
126 2502 136 2536 ,
154 2448 234 2537 μετὰ
251 2458 350 2519 τοῦτο
367 2459 528 2537 θεραπεία
545 2462 606 2521 τοῦ
618 2452 744 2539 φύντος
757 2454 811 2522 καί
822 2452 925 2538 πολλὴ
938 2455 991 2522 καί
1003 2479 1063 2539 χα-

55 2546 138 2635 λεπὴ
157 2550 211 2616 καὶ
229 2549 392 2631 δύσκολος
408 2558 564 2638 γίγνεται.
585 2550 674 2620 οὕτω
695 2551 730 2620 δὲ
748 2556 832 2638 ἔχειν
849 2558 934 2620 ἔοικε
953 2553 1007 2621 καί
1023 2552 1059 2620 τδ
1079 2565 1098 2616 c

58 2648 215 2733 περὶτῶν
232 2645 443 2734 ἀνθρώπων·
467 2649 532 2718 οἷπό
544 2658 613 2718 τῶν
624 2653 770 2736 ἐμαυτοῦ
784 2649 847 2737 ἐγώ
859 2650 1062 2739 πραγμάτων

57 2752 272 2833 τεκμαίρομαι
290 2750 344 2816 καί
361 2752 395 2829 ἐς
412 2742 522 2818 τᾶλλα.
537 2752 600 2829 Ιιιαί
617 2748 681 2835 γδρ
700 2748 874 2838 ἐμοίὴτοό
884 2754 972 2831 νίέος
983 2778 1062 2819 του-

57 2849 147 2928 τουλ,
170 2854 233 2913 είτε
249 2855 390 2932 φυτείαν
401 2857 464 2918 εἴτε
477 2852 690 2919 παιδοποιίαν
702 2847 866 2937 δελιιύτήν
876 2847 1061 2937 ὀνομάζειν,

56 2942 193 3011 πάντων
205 2945 307 3033 ρ’ρίστη
318 2947 465 3033 γέγονεν,
478 2944 499 3034 ἡ
510 2948 546 3018 δὲ
555 2948 662 3036 τροφὴ
674 2948 839 3030 δύσκολός
850 2974 884 3016 τε
897 2952 949 3017 καὶ
962 2947 1011 3016 ἀεὶ
1026 2952 1062 3018 ἐν

58 3042 155 3130 φόβῳ
169 3045 244 3126 περὶ
255 3041 360 3115 αὐτοῦ
369 3045 501 3116 δεδιότι.
524 3046 563 3116 τὰ
581 3051 642 3136 μὲν
657 3042 722 3120 οὖν
737 3047 821 3118 δι’λλα
839 3046 944 3118 πολλὰ
956 3042 999 3117 όν
1010 3057 1060 3135 είη

57 3144 182 3228 λέγειν,
194 3138 214 3227 ἡ
226 3141 261 3210 δὲ
272 3151 337 3212 νῦν
348 3153 500 3229 παροῦσα
512 3149 671 3235 ἐπιθυμία
682 3148 789 3239 τοιίτφ
802 3147 892 3216 ποίνν
903 3173 943 3233 με
954 3153 1059 3235 φοβεῖ.
1180 3194 1184 3203 ,

58 3243 196 3331 ἕστιμὲν
207 3241 271 3332 γὰρ
282 3243 345 3315 οὐκ
361 3245 520 3335 ἀγεννής,
542 3247 691 3333 σφαλερὰ
705 3249 748 3316 δέ.
767 3249 925 3332 ἐπιθυμεῖ
935 3243 1002 3333 γὰρ
1019 3242 1059 3332 δὴ

57 3335 155 3425 οὗτος
164 3341 260 3433 ἡμῖν,
273 3338 502 3435 ὦΣοίιιρατες,
516 3345 560 3427 ὥς
570 3368 662 3434 φησι,
677 3342 782 3432 σοφός
792 3347 957 3431 γενέσθαι.
971 3348 1061 3414 δοκεῖ
1078 3357 1099 3407 1)
1181 3346 1184 3351 ’
