2408 3780
118 195 179 260 132
484 197 589 254 ΠΛΑ
600 194 770 254 ΤΩΝΟΣ

197 362 301 425 ΠΡΩ.
332 359 565 439 Καίκαλωςγε
577 352 774 441 εἰρήκατε
739 361 858 421 τανῦν
864 354 1047 486 ,φήρομεν

197 476 274 537 ΣΩ.
305 463 442 553 Ὀρθῶς.
465 465 565 533 πόλιν
582 472 697 534 τοίνυν
717 465 796 552 μετὰ
808 475 906 534 τοῦτο
918 465 980 553 τὴν
991 467 1101 554 φρόνη

114 589 169 636 σιν
179 568 234 635 και
246 591 306 632 τον
316 589 401 631 νουν
412 589 652 650 ανερωτητεοιι
668 557 710 649 όρ
714 561 869 650 ηθονων
879 590 909 632 τι
920 569 1101 650 προσθεισθ

114 668 150 733 ἐν
161 672 202 754 τῇ
214 663 420 750 συγκράσεις
434 676 557 748 φαῖμεν
568 657 611 729 όίν
623 655 666 729 αὖ
683 659 744 729 τόν
755 670 840 729 νοῦν
850 689 885 730 τε
896 661 998 729 καί
962 688 1024 748 την
1034 663 1101 749 φρό

113 760 462 850 νησινόνερωτῶντες.
486 767 609 845 ποίων,
632 775 731 845 φαῖεν
742 787 785 827 αν
797 769 891 844 ἴσως,
908 757 1058 848 ἡδουιόνς

199 881 300 944 ΠΡΩ.
336 874 445 954 Εἰκός.

75 997 96 1047 D
197 997 275 1058 ΣΩ.
302 986 339 1056 Ὁ
359 992 396 1056 δέ
411 986 445 1074 γ’
462 986 618 1074 ἡμέτερος
634 987 732 1072 λόγος
749 984 828 1072 μετα
846 983 937 1053 τοῦτ’
955 989 1043 1054 ἐστὶν
1055 986 1101 1056 ὅθ.

114 1087 197 1175 πρὸς
213 1102 282 1166 ταῖς
298 1084 491 1206 όληθέσιρ’
476 1093 614 1164 εκείναις
629 1082 781 1171 ἡδοναῖς,
806 1083 974 1178 φήσομεν,
1000 1078 1042 1169 όρ
1047 1085 1101 1154 ἔτ

115 1183 312 1305 κροσθεῖσθ’
325 1181 405 1270 ὑμῖν
416 1181 474 1263 τὰς
484 1186 637 1269 μεγίστας
649 1179 771 1267 ἡδονὰς
783 1187 960 1261 συνοίκους
971 1181 1056 1251 εἶναι
1068 1212 1101 1252 κι

115 1311 173 1364 τας
183 1284 426 1370 σφοδροτατας,
450 1283 505 1348 καί
522 1306 607 1367 κως,
632 1307 657 1346 ω
647 1270 864 1366 Σώκρατες,
892 1295 991 1399 φαῖεν
1009 1283 1101 1367 ἅν,ι

113 1379 390 1469 γ’ἐμτιοδίσματιί
408 1405 442 1446 τε
459 1385 561 1466 μυρία
577 1376 656 1465 ἡμῖν
672 1382 801 1463 ἔχουσι,
824 1376 882 1455 τὰς
899 1376 1006 1464 ψυχὰς
1025 1382 1061 1446 ἐν
1073 1375 1101 1447 αἰ

113 1410 272 1567 οἰκοῦμεν
282 1478 503 1566 ταρόττουσαι
515 1473 569 1544 διὰ
581 1473 721 1562 μανικὰς
731 1472 871 1563 ἡδυνας,
883 1477 937 1544 καὶ
948 1483 1101 1562 γίγνεσθι

77 1595 98 1643 Ε
115 1606 150 1647 τε
160 1576 247 1668 ἡμᾶς
256 1577 318 1667 την
335 1575 440 1664 ἀρχὴν
457 1573 518 1644 οὐκ
531 1579 617 1661 ἐῶσι,
630 1575 670 1643 τά
681 1601 716 1642 τε
728 1574 909 1661 γιγνόμενα
919 1571 1014 1660 ἡμῶν
1025 1579 1101 1644 τέκν

116 1679 159 1759 ὡς
170 1676 207 1744 τό
221 1677 325 1762 πολύ,
345 1674 392 1743 δι’
410 1673 565 1761 ἀμέλειαν
577 1675 689 1761 λη’θην
699 1676 910 1759 ἐμποιοῦσαι,
933 1674 1101 1743 παντόπαι

116 1780 388 1860 θιαφθείρουσινι.
413 1770 487 1840 ἀλλ’
506 1771 546 1850 όίς
563 1797 600 1857 γε
617 1769 741 1858 ἡδονὰς
756 1769 892 1857 ἀληθεῖς
903 1772 958 1838 καὶ
971 1771 1101 1855 καθαρό

116 1867 178 1955 [ἃς]
190 1868 292 1957 είκες,
315 1866 433 1956 σχεδὸν
445 1876 566 1948 οἰκείας
577 1868 656 1955 ἡμῖν
672 1869 801 1954 νόμιζε,
822 1873 877 1936 καὶ
894 1868 977 1952 πρὸς
991 1871 1101 1937 ταύται

115 1969 173 2049 τὰς
184 1966 262 2054 μεθ’
276 1965 466 2053 ὑγιείαςκαὶ
477 1974 538 2034 τοῦ
550 1979 755 2051 σωφρονεῖν,
767 1968 822 2033 καί
833 1967 872 2053 θη
885 1967 940 2033 καί
952 1970 1101 2056 ξυμπόση

114 2065 233 2152 ἀρετῆς
253 2062 375 2133 ὁκόσαι
397 2065 659 2147 καθάπερεθεοῦ
682 2060 800 2131 όιιαιίοἰ
823 2063 1018 2151 γιγνόμεναι
1040 2067 1101 2136 αότ

115 2167 409 2230 συνακολουθοῦσι
426 2160 551 2248 κόντη,
573 2160 693 2240 ταύτας
709 2167 826 2247 μίγνυ·
852 2159 910 2240 τοίς
927 2169 946 2230 6
951 2160 959 2188 '
983 2161 1034 2233 ἀεὶ
1052 2193 1101 2254 μετ

114 2258 309 2347 ἀφροσύνης
331 2262 465 2343 καὶτῆς
489 2257 590 2343 όίλλης
610 2263 727 2338 κακίας
748 2262 908 2345 ἕκομένας
929 2263 1035 2348 πολλή
1059 2290 1101 2334 πο

114 2359 231 2445 ἀλογία
253 2364 300 2448 τῷ
318 2363 366 2446 νῷ
385 2357 543 2442 μιγνύναι
558 2355 619 2425 τόν
636 2358 844 2445 βουλόμενον
861 2358 882 2428 6
899 2387 929 2427 τι
946 2370 1101 2450 καλλίστη

65 2479 99 2532 64
116 2457 229 2524 ἰδόντα
246 2455 301 2522 καὶ
319 2455 620 2579 α’στασιαστοτιὶτην
636 2461 723 2542 μῖξιν
744 2460 800 2525 καὶ
821 2466 941 2544 κρᾶσιν
962 2464 998 2527 ἐν
1020 2461 1101 2528 ταότ

115 2563 237 2641 μαθεῖν
253 2562 449 2638 πειρᾶσθαι,
472 2560 506 2621 τί
515 2579 593 2622 ποτε
610 2561 647 2622 ἔν
662 2581 698 2622 τε
708 2553 880 2676 ρίνθρόιτφ
897 2558 951 2626 καὶ
967 2564 1012 2645 τςό
1025 2584 1101 2626 πανι

115 2655 266 2738 πέφυκεν
277 2648 411 2736 ἀγαθὸν
421 2653 476 2719 καί
486 2659 560 2718 τίνα
572 2652 717 2720 ἰδέαν’
675 2680 782 2741 αυτην
794 2655 881 2724 εἷναί
888 2681 967 2724 κοτε
978 2684 1101 2775 μριντερ

115 2754 200 2817 τίον.
220 2740 277 2865 ἆρ’
294 2746 356 2816 οὐκ
373 2748 549 2835 ἐμφρόνως
565 2759 669 2818 ταῦτα
685 2755 740 2820 καὶ
761 2754 901 2839 ἐχόντως
922 2754 1042 2822 ἑαυτὸν
1063 2751 1100 2822 τό

114 2855 199 2915 νοῦν
211 2844 362 2932 φήσομεν
372 2844 457 2932 ὑπέρ
468 2874 504 2915 τε
514 2845 620 2915 αὐτον
607 2851 685 2915 καί
697 2849 826 2937 μνήμης
839 2852 894 2919 καί
907 2851 1003 2937 δόξης
1017 2849 1101 2940 ὀρθη

115 2941 408 3027 ἀποκρίνασθαι
372 2968 411 3010 τα
423 2952 489 3012 νῦν
500 2947 665 3031 ῥηθέντας

197 3064 300 3127 Hm.
335 3058 534 3127 Παντάπασι
546 3052 692 3146 μὲνοῦν.

198 3176 273 3240 Σίλ.
306 3168 402 3240 Ἀλλὰ
414 3169 481 3259 μὴν
491 3176 545 3241 καὶ
557 3173 633 3241 τόδε
643 3197 682 3257 γε
698 3169 898 3260 αναγκαῖον,
921 3174 976 3241 καί
987 3173 1052 3244 οὐκ
1062 3174 1101 3245 όλ

115 3276 180 3347 λως
190 3266 233 3336 όίν
243 3293 323 3337 ποτε
332 3273 460 3356 γένοιτο
472 3267 547 3337 066'
560 3265 603 3338 όν
617 3271 661 3340 ἕν.

64 3399 93 3444 B
190 3386 297 3448 Ilm.
336 3377 381 3449 Τό
394 3395 506 3463 κοῖον;
