2408 3780
123 163 145 226 4
482 165 766 229 ΠΛΑΤΩΝΟΣ

123 329 337 410 Παρμενίδου
348 324 436 415 λόγῳ
451 322 533 411 πρὸς
545 324 624 403 τοῦς
641 326 885 412 ἐπιχειροῦντας
895 325 1130 414 αύτοτκωμω-

84 434 105 486 υ
124 426 211 507 δεῖν,
235 419 280 502 ὡς
297 429 328 492 εί
342 424 380 491 ἕν
397 428 480 508 ἐστι,
503 421 608 491 πολλοὶ
621 425 676 491 καὶ
686 431 799 509 γελοῖα
808 431 982 513 συμβαίνει
993 425 1130 510 πάσχειν

122 527 168 609 τῷ
191 519 280 609 λόγῳ
300 524 355 589 καί
372 526 506 590 ἐναντία
531 517 630 611 αύτῷ.
653 518 815 608 ἀντιλέγει
833 521 872 609 δη
893 515 1070 591 οὖντοῦτο
1088 522 1125 589 τό

122 616 258 704 γράμμα
270 617 354 706 πρὸς
364 621 444 698 τοῦς
454 618 494 687 τά
506 616 612 687 πολλά
625 620 799 706 λέγοντας,
819 622 873 688 καὶ
884 617 1128 687 ἀνταποδίδωσι

121 722 225 782 ταῦτα
235 719 290 784 καὶ
301 724 412 804 πλείω,
423 725 521 784 τοῦτο
533 716 742 804 βουλόμενον
751 722 894 805 δηλοῦν,
908 714 950 796 ύς
964 723 1010 784 ἔτι
1020 725 1130 803 γελοι-

124 815 223 899 ότερα
240 819 360 904 πάσχοι
371 813 414 886 άν
426 813 568 902 αύτωνὴ
582 813 762 900 ὑπόθεσις,
787 821 817 884 εί
832 815 937 884 πολλά
948 817 1052 900 ἐστιν,
1075 811 1128 903 ἢὴ

123 921 184 982 τοῦ
196 918 233 982 ἓν
246 914 346 999 εἶναι,
370 925 457 995 εἴτις
469 919 591 993 ίκανῦς
602 918 730 995 ἐπεξίοι.
744 911 798 981 διὰ
809 913 966 999 τοιαύτην
978 913 1018 999 δη
1031 921 1130 997 φιλο-

123 1018 250 1080 νεικίαν
261 1011 328 1080 ύπὸ
342 1017 422 1080 νέον
432 1012 529 1092 ὄντος
540 1016 622 1099 ἐμοῦ
632 1012 776 1098 ἐγράφη,
794 1016 852 1080 καί
859 1039 908 1090 τις
919 1008 999 1078 αύτδ
1012 1017 1133 1094 ἔκλεψε,

85 1124 107 1177 Ε
121 1113 262 1230 χραηέν,
274 1109 357 1178 ὥστε
366 1107 445 1179 οῦδὲ
454 1110 703 1226 βουλεύσασθαι
713 1111 887 1196 ἐξεγένετο,
899 1107 952 1178 εἴτ’
966 1112 1129 1189 ἐξοιστέον

122 1204 205 1276 αύτό
228 1213 274 1287 εἰς
294 1205 332 1276 τῦ
348 1217 420 1294 φῶς
442 1218 506 1277 είτε
503 1209 578 1328 μή.
601 1203 754 1296 ταύτηχί
775 1199 840 1275 οῦν
852 1227 889 1274 σε
899 1202 1127 1294 λανδανει,

97 1365 101 1373 .
122 1304 359 1391 Σύαρατες,’
339 1333 389 1375 οτι
409 1305 470 1426 οὐχ
492 1304 557 1374 ὑπο
549 1306 656 1374 νέον
675 1311 876 1403 φιλονεικίας
893 1314 954 1373 οίει
971 1303 1052 1374 αῦτὸ
1071 1331 1127 1391 χε-

122 1404 293 1489 χράφθαι,
316 1402 390 1472 ἀλλ’
403 1401 468 1473 ῦπό
482 1406 923 1490 πρεσβυτέρονφιλοτιμίας·
941 1402 1058 1491 ἐπεί,
1045 1403 1126 1483 ύπερ

121 1525 143 1584 χ
147 1496 280 1584 ’,εἷπον
292 1498 652 1579 οῦκακωςάπείκασας

206 1605 255 1665 111.
295 1594 383 1666 Ἀλλ’
407 1595 623 1685 ἀποδέχομαι,
653 1597 759 1683 φάναι
779 1596 839 1665 τὸν
865 1600 1045 1687 Σωκράτη,
1073 1605 1127 1668 καί

121 1691 265 1783 ἡγοῦμαι
289 1693 334 1775 ὡς
353 1699 457 1817 λέχεις
479 1702 572 1782 ἔχειν.
596 1697 673 1765 τόδε
691 1699 728 1766 δέ
743 1723 799 1783 μοι
818 1700 903 1765 εἰπέ·
925 1696 967 1765 ού
987 1705 1128 1784 νομίζεις

58 1802 105 1860 129
123 1789 261 1860 εἶναι’
220 1818 301 1860 αντο
290 1792 394 1861 καθ’
407 1793 489 1862 αύτο
479 1793 588 1872 εἶδός
599 1821 630 1862 τι
641 1792 850 1881 ὁμοιότητος,
864 1798 918 1863 καὶ
930 1802 975 1885 τῷ
987 1797 1126 1884 τοιούτῳ

121 1914 166 1956 αν
156 1880 258 1956 αλλο
269 1915 301 1956 τι
311 1889 521 1974 ἐναντιον,
502 1918 519 1957 ο
536 1888 660 1958 ἐστιν
641 1890 816 1975 ανόμοιον·
839 1918 974 1959 τοντοιν
985 1896 1021 1959 δὲ
1032 1898 1127 1959 δνοιν

122 1985 236 2053 ὄντοιν
246 1986 301 2052 καί
313 1985 370 2072 ἐμὲ
379 1987 477 2054 καὶ
445 2007 482 2054 σε
492 2014 547 2054 και
536 1980 693 2054 τάλλα“
673 2013 693 2052 α
712 1988 751 2072 δη
771 1985 877 2055 πολλοὶ
891 1995 1061 2073 καλοῦμεν
1068 2014 1126 2074 με-

122 2084 362 2170 ταλαμβάνειν;
374 2085 430 2151 καὶ
440 2082 480 2150 τὰ
490 2084 550 2169 μὲν
560 2091 619 2168 τῆς
630 2079 822 2171 ὁμοιότητος
832 2085 1125 2173 μεταλαμβάνοντα

121 2180 220 2268 ὅμοια
230 2188 406 2266 γίγνεσθαι
416 2182 520 2269 ταύτῃ
536 2207 571 2250 τε
586 2184 640 2249 καὶ
651 2180 734 2249 κατά
745 2190 906 2251 τοσοῦτον
918 2181 1000 2251 ὅσον
1011 2179 1053 2251 άν
1066 2211 1125 2270 με·

121 2279 327 2368 ταλαμβάνη,
339 2280 379 2346 τά
391 2280 426 2348 δὲ
436 2288 494 2368 τη”ς
504 2279 739 2369 ἀνομοιότητος
751 2279 902 2368 άνύμοια,
915 2280 955 2350 τά
968 2285 1004 2351 δὲ
1015 2280 1124 2369 άμφο-

121 2380 227 2462 τέρων
240 2374 429 2464 άμφότερας
452 2383 483 2444 εί
492 2375 528 2445 δὲ
539 2382 594 2446 καί
604 2378 713 2448 πάντα
724 2383 884 2449 ἐναντίων
895 2379 1003 2450 ὅντων
1013 2378 1125 2467 ἄμφο-

122 2476 228 2561 τέρων
239 2475 499 2561 μεταλαμβάνει,
521 2479 577 2542 καλ
595 2482 663 2544 ἐστι
674 2486 720 2566 τῷ
731 2480 876 2564 μετέχειν
888 2477 1014 2564 άμφοῑν
1025 2477 1125 2565 ὅμοιά

83 2592 104 2643 Β
122 2574 223 2640 τεκαὶ
235 2569 376 2656 άνόμοια
388 2568 472 2639 αύτά
492 2570 620 2658 αὐτοῖς,
642 2581 677 2640 τί
694 2575 909 2660 θανμαστόν;
932 2581 963 2642 εί
982 2572 1124 2660 μὲνγὰρ

121 2665 206 2735 αὐτά
228 2665 268 2735 τά
290 2666 389 2754 ὅμοιά
410 2695 459 2748 τις
480 2665 665 2754 άπέφαινεν
687 2669 829 2756 άνύμοια
851 2669 1031 2756 μιγνύμενα
1047 2666 1069 2756 ἦ
1085 2671 1125 2738 τὰ

121 2763 264 2850 άνύμοια
275 2763 385 2851 ὅμοια,
396 2765 525 2851 τέρας”
504 2794 557 2850 αν,
571 2765 671 2853 οἶμαι,
682 2760 740 2853 ἦν·
753 2773 783 2835 εί
793 2768 875 2836 δέ
840 2794 879 2835 τα
890 2768 1019 2835 τούτων
1030 2771 1124 2854 μετέ-

120 2887 221 2949 χοντα
232 2859 431 2947 άμφοτέρων
441 2860 612 2951 ἀμφότερα
623 2862 802 2951 άποφαίνει
811 2864 1013 2953 πεπονθότα,
1025 2865 1124 2934 ούδεν

118 2966 241 3046 ἔμοιγε,
254 2985 280 3026 ω
269 2951 453 3046 Ζήνων,”
431 2985 557 3029 ατοπον
566 2965 658 3030 δοκεῖ
666 2961 760 3048 εἶναι,
772 2959 853 3032 ούδέ
861 2969 938 3047 χεεί
925 2963 1016 3032 ἰὲν”
994 2988 1122 3033 απαντα

120 3059 300 3143 αποφαινει
310 3085 358 3137 τις
366 3084 412 3127 τω
398 3063 565 3146 μετέχειν
574 3086 635 3129 τον
645 3087 718 3140 ενος
728 3062 783 3129 και
791 3087 894 3129 ταντα
905 3089 1008 3130 ταντα
1016 3062 1123 3132 πολλα

120 3162 166 3244 τῷ
189 3155 343 3242 πλήθους
364 3183 407 3224 αν
394 3147 588 3245 μετέχειν·
611 3156 684 3227 ἀλλ’
703 3157 1122 3229 είὸέστινὲναῦτότοῦτο

88 3272 108 3323 c
124 3248 228 3318 πολλοὶ
245 3249 419 3342 ἀποδείξει,
432 3258 486 3323 καὶ
498 3248 542 3324 αὖ
551 3283 591 3325 τα
608 3255 713 3326 πολλά
725 3256 798 3345 δη“
778 3283 830 3345 εν,
848 3267 947 3328 τοῦτο
958 3258 1022 3346 ἤδη
1033 3269 1122 3328 δαυ-

115 3349 274 3435 μάσομαι.
297 3354 352 3420 καὶ
369 3357 444 3439 περὶ
459 3364 527 3422 τῶν
537 3354 648 3424 ἄλλων
656 3355 814 3425 ἁπάντων
826 3354 1000 3437 ύσαύτως·
1023 3355 1121 3443 εἰμὲν
