2408 3780
442 192 680 251 ΦΙΛΗΒΟΣ.
1027 192 1065 256 57

60 353 304 439 διεσπασμένην
315 352 370 420 καί
380 349 485 418 πολλά
496 364 675 435 γεγονυῖαν
685 357 818 438 θετέον,
832 353 897 422 εἴθ’
911 354 994 441 ὅλην
1005 354 1068 423 αό-

59 448 119 538 την
130 446 235 536 αὑτῆς
243 457 351 536 χωρίς,
363 446 383 518 δ
393 447 433 535 δὴ
443 448 581 517 πάντων
589 447 845 520 άδυυατεότατον
856 450 1000 538 φαίνοιτ’
1013 452 1065 538 ἀν,

58 545 183 617 ταάτόυ
195 551 249 616 καλ
261 550 298 616 ἓν
309 546 376 634 άμα
387 550 425 616 έν
436 548 488 614 ἑνί
496 572 531 614 τε
548 548 604 616 καλ
619 555 753 628 πολλοῖς
769 559 959 635 γίγνεσθαι.
978 546 1065 618 ταῦτ’

58 651 124 713 ἔστι
142 644 183 713 τά
200 646 276 730 περὶ
292 643 332 712 τά
350 652 486 712 τοιαῦτα
503 647 541 712 ἓν
558 648 613 714 καλ
630 648 754 732 πολλά,
777 645 846 715 ἀλλ’
864 645 927 715 οάκ
946 651 1066 733 έκελνα,

59 734 85 809 ἀ
94 741 292 829 Πρώταρχε,
315 739 446 828 ἀπάσης
462 742 602 828 ἀπορίας
617 753 705 811 αλτια
716 743 760 831 μὴ
779 753 888 824 καλῶς
904 742 1067 833 ὁμολογη-
1085 755 1103 805 G

57 844 178 927 θέντα,
190 843 245 909 καὶ
258 839 415 925 εὐπορίας
426 834 470 906 ἀν
481 831 526 907 αὖ
536 848 654 920 καλῶς.

141 942 244 1008 Hm.
277 936 413 1007 Οάκοῦν
423 936 484 1024 χρὴ
496 935 590 1005 τοῦθ’
602 935 703 1025 ἡμᾶς,
722 931 749 1006 τό
759 938 955 1024 Σάκρατες,
972 942 1065 1030 ἐντῷ

58 1043 122 1105 νῦν
134 1043 269 1122 πρῶτον
282 1035 566 1121 διαπονήσασθαις

141 1138 217 1204 ΣΩ.
248 1132 304 1213 Ὡς
313 1141 400 1220 γοῦν
410 1133 474 1218 έγω
487 1139 591 1220 φαίην
602 1131 655 1201 ἀν.

139 1239 241 1301 um.
264 1233 331 1301 Καὶ
347 1232 473 1310 πάντας
489 1238 604 1300 τοίνυν
620 1229 706 1318 ἡμεῖς
718 1229 866 1321 ὑπόλαβε
883 1246 1067 1318 συγχωρεῖν

58 1350 109 1398 σοι
124 1330 247 1399 τούσδε
256 1328 296 1398 τά
311 1338 464 1399 τοιαῦτα·
485 1336 634 1418 Φίληβον
645 1328 678 1397 δ’
693 1340 772 1412 ίσως
784 1330 961 1418 κράτιστον
972 1333 1008 1397 ἐν
1019 1338 1065 1417 τῷ

57 1437 121 1496 νῦν
131 1432 347 1516 ἐπερωτῶντα
359 1428 403 1516 μὴ
415 1444 520 1498 κινεῖν
531 1422 571 1497 εὖ
582 1434 744 1514 κείμενον.

140 1535 194 1599 vl.
216 1535 291 1598 252.
311 1528 405 1597 Εἶεν·
417 1529 527 1598 πόθεν
538 1521 601 1596 οὖν
611 1552 660 1606 τις
669 1528 789 1613 ταύτης
800 1526 935 1615 ἀρξηται
944 1536 1068 1616 πολλῆς
1085 1546 1106 1594 D

57 1627 158 1714 οὔσης
175 1630 230 1696 καὶ
245 1633 403 1706 παντοίας
420 1628 494 1711 περὶ
505 1625 544 1694 τά
563 1625 859 1713 ἀμφισβητούμενα
870 1626 991 1713 μάχης;
1012 1620 1060 1712 ἀρ’

57 1728 212 1806 ε’νθένδες

139 1830 241 1895 nm.
273 1826 408 1905 Πόθεν;

140 1929 217 1992 ΣΩ.
239 1925 355 2010 Φαμέυ
365 1947 431 1991 που
440 1919 564 1991 ταάτόν
575 1927 612 1991 ἓν
623 1924 678 1992 καὶ
690 1921 796 1992 πολλά
810 1920 877 1992 ἀπὸ
890 1923 1002 2008 λόγων
1011 1950 1064 2008 γι-

56 2023 203 2110 γνόμενα
219 2025 421 2108 περιτρέχειν
437 2022 544 2110 πάντη
556 2021 631 2091 καθ
645 2025 783 2091 ἕκαστον
796 2029 865 2091 τόν
876 2024 1064 2107 λεγομένων

57 2119 105 2192 ἀεὶ
122 2124 179 2191 καλ
195 2121 299 2189 πάλαι
315 2122 371 2190 καλ
386 2129 467 2207 νῦν,
486 2127 542 2189 καί
555 2130 653 2190 τοῦτο
665 2119 742 2190 οὔτε
752 2117 797 2208 μὴ
810 2118 978 2207 παύσηταί
985 2145 1063 2188 ποτε

57 2221 133 2290 οὕτε
143 2220 266 2308 ἤρξατο
277 2227 358 2306 νῦν,
377 2217 446 2288 ἀλλ’
457 2223 525 2288 ἔστι
536 2222 573 2287 τὸ
583 2227 747 2306 τοιοῦτον,
763 2216 807 2300 ὡς
817 2222 888 2306 ἐμοὶ
901 2226 1063 2305 φαίνεται,

56 2329 121 2388 τῶν
131 2320 243 2404 λόγων
251 2315 362 2386 αὐτῶν
370 2316 544 2386 ἀθάνατόν
551 2344 583 2386 τι
591 2321 645 2386 καὶ
655 2317 789 2405 ἀγήρων
802 2320 912 2398 πάθος
922 2321 958 2386 έν
968 2315 1062 2404 ἡμῖν·

57 2415 121 2488 ὅδὲ
132 2426 267 2503 πρῶτον
275 2415 381 2485 αὐτοῦ
389 2418 592 2503 γευσάμενος
600 2416 752 2485 ἑκάστοτε
762 2423 830 2483 τεόν
839 2420 935 2501 νέων,
947 2413 1062 2501 ἡσθεὶς

57 2516 99 2596 ἀς
108 2543 184 2586 τινα
197 2523 316 2603 σοφίας
328 2512 477 2602 εὑρηκως
486 2516 678 2603 θησαυρόν,
699 2513 755 2602 ὑφ’
767 2512 891 2602 ἡδονῆς
901 2517 1062 2604 ἐνθουσιᾷ
1082 2532 1101 2581 Ε

55 2642 88 2684 τε
103 2619 160 2697 καὶ
177 2617 286 2684 πάντα
301 2629 391 2684 κινεῖ
403 2615 506 2701 λόγον
522 2613 681 2703 ἀσμενος,
701 2615 774 2686 τοτὲ
791 2615 854 2703 μέν
869 2617 921 2683 ἐπὶ
936 2612 1065 2702 θάτερα

56 2723 188 2784 κυκλεῖν
205 2716 261 2783 καὶ
277 2714 467 2801 συμφόρων
483 2720 529 2794 είς
544 2716 599 2799 ἔν,
619 2715 692 2784 τοτὲ
704 2719 739 2782 δὲ
755 2714 857 2782 πάλιν
874 2709 1065 2782 ἀνειλίττων

56 2817 107 2883 καὶ
117 2819 324 2901 διαμερίζων,
335 2819 381 2893 είς
390 2812 850 2901 ἀπορίαναὺτόνμὲνπρῶτον
859 2814 915 2883 καὶ
922 2814 1063 2900 μάλιστα

56 2913 283 3002 καταβάλλων,
295 2913 454 2995 δεύτερον
463 2911 489 2980 δ’
501 2910 552 2982 ἀεὶ
560 2911 619 2980 τόν
628 2911 797 2998 ἐχόμενον,
809 2910 852 2980 ἀν
860 2938 895 2980 τε
903 2912 1063 2998 νεώτερος

57 3011 97 3080 ἀν
112 3038 149 3080 τε
170 3010 396 3100 πρεσβύτερος
412 3011 456 3080 ἀν
471 3039 507 3080 τε
522 3005 596 3098 ἧλιξ
614 3008 664 3102 τόν
681 3009 843 3098 τυγχάνη,
866 3009 1063 3095 φειδόμενος

57 3107 130 3180 οάτε
151 3111 276 3197 πατρὸς
297 3111 375 3180 οὔτε
395 3109 517 3198 μητρός
541 3109 618 3177 οὔτε
639 3109 744 3177 άλλου
770 3117 838 3176 των
865 3105 1061 3175 ἀκουόντων
1079 3131 1112 3188 10

56 3208 208 3295 οὐδενός,
228 3208 395 3297 όλίγουδλ
411 3212 549 3280 καὶτῶν
566 3207 676 3276 ἀλλων
693 3207 802 3293 ζώων,
821 3204 862 3274 οὐ
879 3205 1065 3291 μόνοντῶν

57 3309 260 3396 ἀνθρώπων,
273 3312 342 3378 ἐπεὶ
351 3310 534 3398 βαρβάρων
544 3333 582 3394 γε
594 3302 732 3384 οὐδενός
744 3303 788 3373 ἀν
799 3309 959 3392 φείσαιτο,
972 3313 1064 3391 εἴπερ

53 3410 159 3494 μόνον
174 3409 317 3495 ἑρμηνέα
335 3408 444 3478 ποθὲν
457 3413 532 3493 ἔχοι.
1148 3398 1151 3403 ’
